3175 5200
443 883 452 905 '
550 724 608 830 Τ.
664 724 839 832 LlVII
885 726 1230 833 PATAVINI

693 926 697 936 ·
755 930 956 1007 traua
997 930 1045 1008 v.

983 1104 991 1117 0

810 1129 1015 1145 ψ

215 1316 355 1371 u.c.352.
427 1294 535 1361 PACE
554 1297 625 1362 alibi
642 1310 740 1384 parta,
761 1299 892 1364 Romani
912 1298 1042 1383 Veiique
1064 1300 1097 1362 in
1121 1300 1213 1364 armis
1231 1310 1316 1365 erant
1337 1311 1432 1363 tanta

215 1384 364 1437 A·⁰·⁴⁰⁰·'
382 1383 429 1447 ira
457 1386 599 1469 odioque,
629 1398 664 1448 ut
688 1386 776 1449 victis
805 1386 898 1449 finem
929 1389 1035 1449 adesse
1065 1388 1238 1470 adpareret.
1293 1387 1432 1449 Comitia

382 1472 539 1555 utriusque
553 1472 658 1557 populi
675 1468 765 1556 long'e
786 1474 904 1535 diversa
925 1475 1043 1536 ratione
1065 1474 1151 1537 facta
1174 1487 1255 1539 sunt.
1280 1472 1431 1554 ¹Romani

382 1578 493 1621 arurere
522 1559 711 1623 tribunorum
737 1559 870 1624 militum
897 1561 1049 1623 consulari
1074 1572 1231 1645 potestate
1257 1581 1429 1623 numerum.

216 1658 370 1715 remum·
384 1647 483 1725 ¹octo,
503 1656 578 1727 quot
599 1666 765 1729 numquam
791 1658 893 1726 entes,
916 1648 1023 1725 creati,
1047 1645 1105 1709 Μ’.
1127 1645 1270 1710 AEmilius
1292 1645 1430 1709 Mamer·

214 1918 329 1969 veiente·
382 1838 552 1967 Mrmffius
567 1863 726 1985 llamillus,
740 1840 1299 1969 M.P0stu'1ni{1sAlbinus.u⁸lleiintes
1314 1864 1428 1967 contrd

215 1998 295 2046 ’Μ
383 1990 474 2053 tedio
494 2010 600 2053 annuae
621 1992 807 2072 ambitionis,
827 2012 893 2073 quae
918 1993 1070 2056 interdurn
1085 1993 1302 2055 discordiamm
1315 2010 1426 2053 caussa

383 2088 459 2156 erat,
480 2097 584 2159 regem
603 2098 754 2142 creavere.
797 2077 946 2142 Obfeudit
968 2099 1006 2158 ea
1029 2100 1077 2143 res
1102 2080 1279 2163 populorum
1298 2074 1426 2139 Etnrriae

382 2164 512 2243 animos,
528 2184 591 2227 non
606 2164 722 2246 majore
737 2165 811 2228 odio
823 2166 921 2247 regni,
942 2187 1034 2247 quarn
1049 2166 1143 2247 ipsius
1155 2167 1243 2247 regis.
1256 2164 1352 2247 gravis
1359 2161 1427 2243 jam

382 2250 407 2313 is
438 2262 529 2313 antea
557 2251 643 2333 genti
669 2251 783 2318 fuerat.
798 2253 907 2334 opibus
932 2253 1144 2336 superbiaque,
1176 2252 1247 2333 quia
1272 2249 1431 2312 sollemnia

382 2337 533 2417 ludorum,
564 2358 639 2419 quos
670 2338 831 2401 intermitti
860 2339 946 2401 nefas
975 2349 1033 2417 est,
1063 2338 1214 2401 violenter
1239 2336 1428 2398 diremisset:

382 2444 476 2505 quum
491 2424 532 2485 ob
546 2424 621 2485 iram
639 2426 774 2507 repulsae,
792 2425 879 2506 quod
903 2424 1048 2504 suffragio
1071 2425 1235 2487 duodecim
1250 2422 1429 2506 populorum

383 2508 460 2571 alius
479 2508 622 2571 sacerdos
648 2510 676 2570 ei
702 2511 843 2593 praelatus
869 2522 960 2587 esset,
982 2509 1145 2589 'artifices
1168 2530 1297 2591 quorum
1319 2529 1431 2589 magna

384 2615 454 2678 pars
478 2594 572 2678 ipsius
596 2595 673 2658 servi
696 2607 794 2676 erant,
819 2618 858 2658 ex
880 2594 982 2658 medio
1007 2594 1124 2658 ludicro
1146 2607 1273 2678 repente
1295 2594 1430 2658 abdrurit.

384 2678 468 2744 Gens
483 2679 604 2762 itaque(
613 2693 684 2744 ante
698 2702 806 2744 omnes
821 2682 896 2744 alias
916 2704 954 2744 eo
979 2683 1076 2764 magis
1098 2682 1205 2744 dedita
1223 2682 1431 2762 religionibus,

386 2766 468 2850 quod
483 2767 648 2830 excelleret
661 2779 727 2831 arte
747 2768 868 2830 colendi
884 2789 947 2846 eas,
963 2768 1105 2830 auxilium
1120 2765 1296 2828 Veientibus
1310 2787 1431 2847 negan-

385 2853 470 2932 dum,
493 2853 591 2916 donec
615 2854 671 2916 sub
694 2875 766 2936 rege
788 2866 900 2933 essent,
923 2854 1063 2917 decrevit
1088 2851 1171 2934 cujus
1193 2852 1307 2915 decreti
1328 2854 1432 2914 ’sub-

385 2959 491 3024 pressa
501 2938 584 3002 lama
598 2949 663 3003 est·
676 2937 761 3003 Veiis
775 2952 902 3025 propter
916 2952 1030 3004 metum
1043 2941 1141 3022 regis3
1164 2939 1226 3021 qui,
1249 2960 1269 3000 a
1287 2957 1349 3019 quo
1364 2938 1433 3000 tale
1553 2976 1557 2981 -

384 3025 458 3108 quid
484 3026 600 3090 dictum
631 3027 803 3106 referretur,
834 3049 890 3110 pro
918 3027 1075 3090 seditionis
1101 3047 1170 3088 eum
1195 3024 1344 3107 principe,
1365 3045 1431 3086 non

383 3113 471 3176 ⁴vani
486 3115 635 3178 sermonis
660 3115 866 3194 'auctorem¹',
888 3114 1030 3176 habebat.
1074 3111 1219 3175 Romanis
1243 3111 1299 3173 etsi
1321 3111 1432 3192 quietae

385 3221 433 3264 res
447 3221 487 3264 ex
506 3199 628 3264 Etruria
651 3201 885 3279 nunciabantur,
910 3211 1028 3278 tamen,
1048 3201 1119 3281 quia
1141 3198 1280 3260 omnibus
1296 3196 1432 3258 conciliis

384 3307 454 3350 earn
482 3306 548 3349 rem
568 3287 678 3368 agitari
702 3286 905 3365 adserebatur,
933 3287 980 3348 ita
1008 3285 1195 3362 muniebant,
1221 3294 1256 3345 ut
1284 3283 1432 3365 ancipitia

385 3371 576 3436 munimenta
599 3384 723 3436 essent:
747 3370 808 3434 alia
832 3373 865 3432 in
894 3372 999 3432 urbem
1024 3382 1056 3432 et
1080 3383 1190 3432 contra
1211 3368 1431 3452 oppidanorum

385 3457 560 3539 eruptiones
579 3479 684 3520 versa:
709 3457 794 3520 ‘aliis
816 3456 901 3529 frons
921 3457 954 3518 in
977 3454 1130 3520 Etruriam
1144 3468 1286 3541 spectans
1301 3455 1432 3532 auxiliis,

386 3541 413 3602 ri
427 3561 487 3624 qua
502 3541 580 3606 forte
593 3542 664 3606 inde
675 3543 824 3624 venirent,
835 3543 1056 3608 obstruebatur.

613 3702 808 3754 marom
905 3724 914 3764 r
1018 3679 1207 3754 »uatem

420 3851 429 3885 ¹
448 3849 513 3916 Orto]
531 3851 637 3914 Sigonius
652 3853 678 3902 in
692 3855 892 3905 commentarioin
923 3853 1016 3919 nuperi·
1034 3852 1142 3902 omissum
1160 3851 1433 3901 senentvett.odit1et

329 3905 333 3914 ‘
387 3915 467 3968 rm
477 3917 756 3982 romanaerium
772 3921 797 3968 u
811 3922 892 3972 nnn..
923 3920 1011 3983 arpii.

387 3983 457 4043 libus,
475 3987 582 4034 rdverm
604 3984 693 4032 livium
715 3987 822 4050 probent,
850 4001 892 4035 ser
956 3985 967 4018 ⁴
987 3981 1433 4047 Vm]tseonsiaemi,temeresc=ire

388 4059 481 4097 tautum
507 4052 552 4100 bor
578 4064 639 4098 rano
664 4051 767 4100 tribunos
794 4051 894 4099 rnilitum
924 4049 1020 4100 consilio
1029 4048 1117 4115 jactati.

388 4113 477 4165 fuine:
502 4116 540 4164 M.
563 4127 642 4164 rotem
662 4115 786 4166 Camillum
809 4127 834 4166 et
856 4117 895 4164 M.
957 4113 1092 4176 ⁶maerore]
1116 4111 1194 4173 Vulgo
1211 4121 1337 4171 uaetm5
1353 4126 1434 4175 peram

389 4173 532 4228 Postumium
554 4180 665 4230 Albinum
684 4197 789 4231 remorer
815 4179 897 4244 frisie,
927 4194 1031 4230 arrunte
1040 4179 1148 4228 orationis
1158 4189 1282 4237 structura,
1293 4191 1437 4240 quamprae-

390 4244 560 4295 aoouibmor.
926 4247 1042 4309 eedrtpro
1051 4244 1313 4304 reditionis...priaeipe.
1330 4242 1437 4304 inquot

415 4301 436 4380 ι’
451 4305 561 4370 Amisere]
579 4310 701 4360 Scenitae:
725 4327 764 4360 eor
779 4312 820 4373 qui
835 4311 895 4360 ludi·
927 4312 1051 4372 edidimus,
1062 4308 1149 4356 babent
1159 4306 1206 4354 duo
1217 4323 1231 4354 e
1242 4310 1324 4355 uostris
1333 4309 1402 4356 codd.

390 4381 435 4418 crta
453 4371 540 4420 rnibm
561 4388 653 4439 operam
672 4377 764 4436 dabant,
776 4389 832 4442 pum
847 4377 895 4428 hir.
959 4375 1054 4438 Mtte]
1081 4371 1127 4422 Per
1145 4371 1189 4419 alia
1210 4373 1355 4422 munimenta
1366 4371 1439 4436 fim

390 4433 705 4572 &westser
723 4507 895 4560 Verbumertr
925 4436 1345 4560 ammaim
1353 4439 1439 4486 'dm-
