3175 5200
540 395 879 459 mmmm
1123 411 1212 507 ,m

177 549 305 618 ‘hostes
320 555 419 638 quari.
442 554 592 618 coloniam
618 555 719 633 fidam,
746 558 955 641 propinquam,
979 560 1122 623 infamem
1138 560 1213 625 lieri.
1225 568 1366 639 matt

177 636 314 704 ‘bellum
329 642 459 705 innoxiis
478 641 652 707 Antiatibus
667 644 770 724 indici,
785 646 849 727 geri
876 665 944 708 cum
959 648 1047 730 plebe
1060 648 1212 712 Romana.
1225 636 1257 687 A.
1268 634 1297 685 ⁰·
1308 634 1364 683 ⁴⁵⁹·

177 722 189 756 ‘
204 745 305 809 quam,
328 734 484 792 oneratam
499 730 601 809 umis,
613 751 653 792 ex
670 732 744 793 urbe
759 732 906 815 precipiti
921 735 1041 815 agmine
1052 736 1149 797 acturi
1164 758 1212 798 es·
1290 770 1295 779 ·

178 810 189 843 ‘
203 828 280 895 sent,
294 816 400 879 exsilio
408 830 440 879 et
455 817 639 898 relegatione
650 817 760 879 civium
774 818 955 881 ulciscentes
970 820 1115 884 tribunos.
1149 819 1212 902 Sic,

178 896 229 941 ‘⁴¹
240 922 278 964 ne
293 904 365 985 quid
375 903 457 967 aliud
475 916 577 968 actum
591 914 709 987 putent,
720 906 833 967 victam
845 906 944 988 legem
956 928 1037 988 esse3
1059 908 1129 988 nisi,
1140 909 1213 971 dum

177 984 233 1049 ‘in
249 990 367 1072 integro
381 1012 428 1054 res
448 991 499 1070 sit,
519 990 591 1053 dum
615 990 709 1070 domi,
736 991 809 1054 dur'u
820 994 918 1075 togati
934 994 1006 1073 sint,
1021 997 1159 1074 caveant,
1170 998 1214 1057 'ne

176 1070 388 1156 ‘possessione
408 1079 490 1140 urbis
500 1078 661 1159 pellantur,
675 1098 714 1140 ne
736 1077 845 1161 jugum
857 1080 1020 1163 accipiant.
1047 1078 1082 1142 Si
1097 1080 1214 1143 animus

175 1156 249 1241 ‘sit,
258 1182 319 1225 non
336 1165 439 1228 defore
453 1165 607 1227 auxilium.
631 1166 806 1228 consentire
817 1168 1084 1231 omuestribunos.
1099 1168 1215 1230 nullum

175 1242 344 1313 ‘terrorem
366 1263 535 1331 externum,
550 1252 841 1336 nullumpericulum
863 1258 938 1315 csse.
985 1244 1106 1316 (lavisse
1132 1253 1215 1318 Deos

175 1330 297 1418 ‘priore
309 1359 399 1418 anno,
413 1350 449 1402 ut
467 1350 535 1402 tuto
549 1339 672 1403 libertas
683 1339 806 1402 delendi
819 1338 944 1424 posset.'
988 1338 1200 1404 Haec'triburii.

219 1420 276 1485 Xl.
297 1425 341 1488 At
361 1446 399 1487 ex
418 1438 503 1509 parte
526 1427 622 1489 altera
636 1426 773 1490 consules
788 1426 820 1488 in
843 1439 1008 1511 conspectu
1027 1448 1142 1507 eorum,
1157 1450 1215 1511 po-

176 1508 241 1571 sitis
252 1511 343 1592 sellis,
354 1511 509 1576 ‘delectum
520 1514 684 1576 habebant.
711 1535 747 1576 eo
769 1514 930 1589 decumrnt
944 1515 1068 1593 tribuni,
1090 1515 1215 1577 concio·

177 1614 306 1685 nemque
331 1620 434 1661 secum
454 1600 588 1665 trahunt.
611 1600 697 1664 citati
728 1602 829 1685 pauci,
851 1600 934 1665 velut
952 1601 995 1663 rei
1024 1600 1216 1684 experiundae

178 1702 307 1745 caussa:
332 1698 364 1747 et
387 1686 491 1747 statim
516 1686 561 1745 vis
581 1692 704 1749 coorta.
748 1687 977 1770 Quemcumque
1012 1687 1103 1750 lictor
1130 1685 1217 1770 jussu
1314 1705 1318 1717 ·

177 1768 308 1831 consulis
334 1766 552 1852 prehendisset,
579 1769 716 1833 tribunus
738 1774 820 1837 mitti
836 1773 975 1857 jubebat.
1009 1794 1108 1857 neque
1128 1794 1216 1836 suum

178 1853 285 1934 cuique
296 1852 347 1935 jus
367 1854 493 1916 modum
508 1854 650 1933 faciebat,
665 1858 719 1917 sed
743 1859 850 1920 virium
868 1857 920 1943 spe
934 1864 1000 1923 “et
1019 1881 1112 1923 manu
1135 1860 1218 1923 obti-

179 1939 311 2024 nendum
336 1952 411 2019 erat,
438 1940 520 2024 quod
544 1940 725 2003 intenderes.
759 1944 1033 2017 ¹Quemadmodum
1052 1968 1085 2009 se
1105 1946 1218 2010 tribuni

180 2027 342 2109 gessissent
361 2026 393 2088 in
417 2027 605 2110 prohibendo
629 2026 757 2105 delectu,
792 2029 836 2090 sic
862 2028 966 2092 Patres
992 2034 1024 2095 in
1044 2034 1122 2115 lege,
1153 2052 1219 2115 quse

180 2134 234 2197 per
252 2134 356 2177 omnes
371 2112 577 2177 “comitiales
595 2114 659 2176 dies
679 2115 841 2195 ferebatur,
864 2116 1048 2199 inpedienda
1060 2120 1219 2201 gerebant.

182 2198 306 2264 Initium
343 2213 408 2263 erat
443 2202 524 2280 rixa,
555 2222 647 2282 quum
675 2206 702 2243 ⁴⁵
710 2202 864 2265 discedere
891 2204 1038 2288 populum
1055 2204 1220 2287 jussissent

183 2288 306 2366 tribuni,
318 2288 398 2369 quod
414 2286 516 2351 Patres
531 2291 598 2349 “se
612 2289 780 2353 submoveri
800 2290 883 2351 haud
902 2290 1052 2354 sinebant.
1079 2311 1135 2353 nec
1157 2290 1220 2353 fere

182 2374 313 2436 seniores
338 2374 380 2436 rei
402 2376 588 2453 intererant3
615 2376 725 2460 quippe
748 2397 813 2457 quse
841 2383 903 2438 no'n
927 2377 1053 2439 consilio
1076 2377 1219 2458 regenda,

183 2460 237 2521 sed
251 2462 398 2543 permissa
412 2463 574 2525 temeritati
591 2463 780 2545 audaciaque
791 2470 882 2525 esset.
905 2465 932 2509 ⁴⁷
946 2460 1081 2526 Multum
1095 2474 1128 2525 et
1140 2482 1217 2524 con-

183 2546 260 2610 sules
276 2568 308 2612 se
322 2546 525 2631 abstinebant,
536 2569 574 2611 ne
589 2549 637 2611 cui
661 2550 692 2612 iu
708 2548 884 2614 conluvione
905 2569 1004 2612 rerum
1024 2548 1218 2632 majestatem

183 2657 267 2699 suam
293 2638 483 2699 contumelia
511 2636 674 2699 obferrent.
719 2634 809 2698 Kaeso
834 2649 899 2700 erat
925 2636 1099 2715 Quinctius‚'
1132 2636 1299 2699 seron-s

177 2721 306 2804 juvenis,
323 2744 382 2805 qua
395 2724 554 2786 nobilitate
575 2724 686 2806 gentis,
708 2743 771 2806 qua
790 2723 924 2807 corporis
939 2723 1149 2805 magnitudine
1164 2734 1217 2788 et'
1229 2710 1361 2771 W*

179 2809 301 2872 viribus.
324 2810 364 2873 ad
390 2832 427 2872 ea
440 2831 575 2889 munera,
590 2810 664 2874 data
684 2833 703 2872 a
724 2809 803 2890 Diis,
822 2822 854 2872 et
868 2811 933 2894 ipse
947 2809 1105 2874 addiderat
1120 2810 1218 2874 multa

181 2896 251 2959 belli
278 2896 398 2976 decora,
420 2897 651 2979 facundiamque
671 2897 702 2958 in
718 2896 803 2975 lor03
830 2909 866 2960 ut
889 2917 992 2975 nemo,
1014 2917 1076 2959 non
1103 2897 1216 2980 lingum,

180 3003 240 3044 non
268 3005 371 3063 manu,
392 2985 538 3067 promtior
560 2984 592 3044 in
613 2984 737 3046 civitate
755 2984 926 3046 haberetur.
947 3014 951 3022 ·
970 2981 1043 3063 Hic,
1066 3003 1158 3065 quum
1185 2985 1217 3046 in

179 3069 281 3129 medio
295 3068 416 3131 Patrum
432 3071 552 3152 agmine
574 3071 771 3149 constitisset,
797 3070 934 3132 eminens
950 3069 1030 3132 inter
1047 3070 1138 3147 alios,
1153 3068 1216 3130 vel·

179 3165 215 3214 ut
235 3173 341 3215 omnes
365 3155 531 3218 dictaturas
558 3156 787 3237 consulatusque
807 3177 914 3236 gerens
940 3156 972 3216 in
998 3175 1071 3218 voce
1094 3155 1218 3217 acssviri·
1258 3200 1263 3210 .

180 3239 235 3300 bus
261 3240 331 3317 suis,
355 3259 432 3301 unus
464 3240 582 3323 inpetus
615 3241 791 3302 tribunicios
817 3241 1037 3324 popularesque
1069 3238 1217 3322 procellas

180 3325 359 3389 sustinebat.
402 3323 472 3388 Hoc
496 3326 583 3404 duce,
609 3347 687 3410 sepe
709 3326 786 3409 pulsi
806 3325 873 3387 foro
891 3325 1015 3403 tribuni,
1035 3324 1154 3386 firsaac
1168 3324 1218 3386 fu·

179 3423 253 3494 gata
270 3412 355 3496 plebs
370 3421 429 3475 est.¹
448 3411 499 3494 qui
521 3411 624 3474 obvius
647 3411 754 3490 fuerat,
775 3411 924 3476 mulcatus
946 3410 1136 3492 nudatusque
1150 3411 1215 3474 abi-

181 3500 249 3562 batr
273 3512 318 3564 ut·
328 3498 402 3562 sat-is
423 3499 592 3583 adpareret,
616 3499 642 3561 si
657 3499 700 3562 sic
715 3499 765 3580 agi
780 3497 894 3579 liceret,
905 3499 1017 3562 victam
1027 3498 1125 3581 legem
1140 3518 1216 3561 esse.

400 3607 403 3622 ⁸
519 3609 521 3614 ’
591 3607 810 3667 ·ἀο(ἶιοίι.οην.
944 3611 959 3616 ”
1067 3611 1086 3621 ”

177 3698 226 3747 dea
242 3697 507 3756 miseramina.
538 3695 681 3746 Tameuboe
744 3695 766 3730 ⁴⁵
782 3693 909 3759 Discedere]
935 3695 972 3744 Ad
993 3694 1097 3757 suffragia
1116 3693 1219 3745 smnus.

163 3823 165 3832 Ι
178 3763 230 3811 loco
240 3771 363 3826 quatum
379 3761 462 3812 nocuis
472 3759 543 3812 MSS.
555 3777 597 3828 pro
607 3763 631 3811 id
640 3777 681 3812 ca-
712 3761 741 3810 In
756 3774 848 3826 sepum
866 3761 987 3824 quoddam.
1004 3761 1066 3824 quand
1082 3761 1139 3814 crite
1156 3759 1219 3807 dice·

177 3827 360 3958 ΙιίδίξῐηἺΙσΜφιιόὶ
369 3893 433 3942 eliud
448 3901 522 3942 actua
534 3894 625 3958 putent]
641 3893 681 3944 Ne
712 3827 787 3942 ΜΞ,
801 3841 958 3940 rouddbldldrqu
987 3823 1219 3956 masagam

178 3913 335 4023 qmmlsliem
356 3971 468 4016 meatem,
487 3972 516 4008 uc
532 3960 604 4022 quod
620 3958 682 4008 aliud
711 3907 787 4020 {ldae
813 3957 861 4006 rias
877 3924 932 4006 ia.
978 3966 999 4016 t,
1031 3965 1059 4003 ut
1087 3920 1220 4015 brffngiuur

177 4023 497 4075 consiliumfuisrel’stribus
511 4034 537 4074 ct
552 4025 683 4075 consulibus
711 4025 783 4074 daret.
815 4086 818 4090 ι
961 4087 968 4100 .
1122 4083 1128 4095 ³
1160 4057 1163 4064 .

179 4101 358 4218 l'li'ssssm]
373 4111 680 4220 maumam-...it
712 4087 831 4204 aalide
841 4080 1219 4210 mewa-rw

177 4218 688 4350 am
710 4222 853 4334 uec
934 4215 1218 4343 „en-uam

177 4349 256 4426 bullari
267 4363 381 4415 poteram.
412 4353 450 4402 Ab
461 4352 539 4402 Numa
553 4355 616 4404 eairu
626 4369 681 4403 cou-
710 4302 798 4416 ἔξω.
1008 4371 1020 4394 .·
1117 4409 1124 4424 .

176 4417 366 4472 mtmsflh
384 4418 680 4470 amman-lucem·
744 4405 1213 4484 ⁴⁷·Mfflfflocosnml

178 4473 1214 4604 saeuam
