3175 5200
502 350 581 421 un.
591 352 632 418 11.
653 348 865 419 curem
1142 364 1199 422 ns

156 506 260 587 ferse,
274 520 365 589 quam
379 520 464 569 arma
478 504 599 575 danda:
628 522 663 575 ut
676 530 732 594 pro
745 508 848 593 patria
860 502 1043 591 civibusque,
1065 525 1128 573 non
1141 528 1199 593 pro
1210 535 1243 587 u,
1253 534 1351 590 cm:

160 593 322 673 ‘dominis
333 593 490 679 pugnent!
513 594 1032 679 Conmles,qnidmandatumesset
1046 616 1066 658 a
1078 602 1349 679 aenam‚t.c.stt.

160 682 323 745 videbantr
346 681 400 745 sed
414 702 529 762 eorum,
550 684 602 767 qui
617 676 698 749 intr'e
711 683 858 767 patrieter
877 683 967 747 cume
985 683 1128 751 ferociter
1150 686 1198 749 lo·

160 781 331 855 querentur,
352 770 503 835 neminem
517 770 634 851 adesse,
653 771 772 835 invidia
791 791 853 835 susa
874 769 1073 854 participem:
1094 783 1128 835 et
1141 773 1199 836 ad·

158 856 285 938 parebat
310 868 399 920 atrox
426 876 497 921 eum
524 858 618 946 plebe¹
641 871 808 923 certamen.
852 855 936 921 Prius
961 858 1076 939 itaque,
1106 880 1198 941 qnam

158 940 268 1007 ultima
281 944 497 1027 experirentur,
511 957 650 1009 senatum
673 946 782 1011 iterum
806 945 963 1009 consulere
985 944 1111 1027 placuit.
1132 958 1198 1009 turn
1296 968 1300 975 ·

157 1048 230 1092 vero
245 1030 285 1091 ad
298 1030 388 1093 sellas
402 1032 560 1103 consulum
574 1054 668 1117 prope
679 1042 694 1083 Β
707 1033 903 1097 convolavere
917 1029 1060 1094 minimus
1075 1031 1200 1113 quisque

157 1126 233 1177 natu
253 1114 390 1195 Parnm,
413 1118 555 1181 abdicare
578 1118 797 1183 consulatum¹²
815 1118 970 1202 jubentes,
994 1130 1027 1206 et
1048 1116 1201 1202 deponere

156 1200 328 1285 imperium,
344 1202 384 1265 ad
398 1203 478 1285 quod
495 1205 640 1267 tuendum
654 1206 772 1269 animus
787 1206 918 1269 deesset.

156 1306 159 1313 ·
198 1286 319 1351 XXIX.
341 1291 368 1335 ⁸⁷
384 1286 521 1370 Utraque
535 1312 567 1351 re
582 1292 656 1354 satis
669 1304 806 1375 experta,
823 1304 889 1355 tum
904 1292 1027 1357 demum
1041 1291 1199 1361 eonsules·

156 1372 231 1437 ‘Ne
246 1374 424 1458 predictum
439 1375 567 1457 negetis,
581 1374 686 1438 Patres
700 1379 875 1461 conscripti,
895 1379 983 1441 adest
998 1380 1105 1461 ingens
1120 1380 1200 1444 sedi·

93 1498 99 1515 ,
156 1455 167 1488 ‘
183 1461 239 1525 tio.
282 1459 484 1539 Postulamus,
508 1472 543 1523 ut
567 1460 600 1539 ii,
624 1461 674 1543 qui
697 1463 831 1527 maxime
852 1464 1004 1547 ignaviam
1029 1466 1201 1551 increpant,

157 1545 287 1611 ‘adsint
301 1547 388 1609 nobis
402 1547 582 1611 habentibus
607 1547 770 1611 delectum.
812 1549 962 1614 Acerrimi
985 1550 1129 1636 cujusque
1150 1575 1200 1617 ar·

156 1633 168 1666 ‘
183 1634 287 1712 bitrio,
302 1633 423 1714 quando
438 1634 483 1697 ita
496 1633 609 1715 placet,
624 1654 688 1697 rem
703 1635 851 1717 agemus?
894 1636 1038 1708 Redeunt
1055 1640 1087 1701 in
1102 1640 1200 1703 tribu·

156 1720 231 1798 nal;
254 1720 341 1783 citeri
364 1720 546 1783 nominatim
567 1741 661 1783 unum
684 1722 785 1801 exiis,
809 1722 907 1804 quiin
922 1738 1200 1807 eonspectuerant,

157 1805 264 1870 dedita
277 1828 370 1890 opere
379 1804 500 1889 jubent.
543 1806 645 1879 Quum
659 1819 756 1875 staret
769 1809 894 1887 tacitus,
912 1820 944 1873 et
958 1810 1041 1875 circa
1056 1833 1127 1879 eum
1141 1813 1200 1876 ali·

156 1905 233 1975 quot
247 1894 416 1973 hominum,
431 1914 470 1957 na
490 1894 569 1959 sorte
582 1895 755 1975 violaretur,
775 1896 963 1959 constitisset
976 1897 1094 1979 globus,
1109 1897 1200 1963 licto·

155 1998 220 2043 rem
235 1980 360 2045 adeum
373 1981 512 2045 eonsules
527 1981 665 2059 mittunt.
680 2004 740 2066 quo
755 1983 886 2067 repulso,
901 1994 968 2046 tum
981 2004 1053 2047 vero
1073 1986 1084 2019 ‘
1099 1986 1201 2069 indig-

156 2087 230 2129 num
255 2067 373 2131 lacinus
397 2066 477 2131 esse’
499 2068 704 2149 clamitantes,
725 2069 777 2152 qui
801 2068 926 2133 Patrunu
940 2070 1113 2141 consulibus
1127 2073 1201 2135 ade·

156 2165 238 2233 rant,
253 2154 397 2229 devolant
411 2154 449 2217 de
465 2154 618 2234 tribunali,
638 2168 673 2219 ut
688 2156 787 2219 lictori
802 2156 916 2220 auxilio
930 2172 1042 2224 esseut.
1086 2155 1148 2230 Sed
1161 2160 1202 2223 ab

156 2237 276 2319 lictore,
300 2242 327 2281 ⁵⁸
341 2241 418 2304 nihil
433 2241 516 2305 aliud
530 2262 621 2324 quam
633 2242 820 2327 prehendere
833 2244 999 2327 prohibito,
1019 2265 1201 2327 quumoon·

154 2346 257 2390 versus
272 2327 303 2389 in
318 2325 423 2391 Patres
437 2328 556 2412 inpetus
567 2342 656 2409 esset,
667 2331 826 2393 consulum
840 2330 1009 2403 intercursu
1019 2332 1087 2395 rixs
1096 2333 1202 2397 sedata

155 2425 226 2477 este
249 2414 281 2477 in
296 2435 356 2497 qua
370 2426 485 2495 tamen,
506 2415 571 2479 sine
586 2416 696 2500 lapide,
719 2417 785 2480 sine
804 2417 877 2496 telo,
898 2418 966 2501 plus
990 2417 1131 2481 clamoris
1152 2432 1206 2483 at·

154 2520 214 2582 que
243 2501 365 2581 irarum,
396 2522 488 2585 quam
523 2501 649 2585 injurie,
685 2503 793 2567 fuerat.
846 2502 992 2581 Senatus,
1016 2503 1202 2575 tumultuose
1265 2574 1268 2581 ,

153 2601 290 2668 vocatus,
302 2588 516 2653 tumultuosius
532 2590 706 2672 consulitur,
722 2594 749 2631 ⁵⁹
764 2590 961 2674 questionem
976 2590 1201 2674 postulantibus

152 2673 201 2754 iis,
225 2677 276 2757 qni
290 2676 402 2762 pulsati
424 2677 554 2756 fuerant,
575 2677 755 2752 decernente
779 2678 966 2771 ferocissimo
986 2698 1116 2760 quoque,
1136 2699 1199 2742 non

154 2762 315 2826 sententiis
330 2763 440 2846 magia,
457 2784 549 2847 quam
563 2764 697 2828 clamore
710 2776 743 2828 et
757 2765 897 2848 strepitu.
939 2762 1092 2844 Tandem,
1106 2785 1199 2848 quum

153 2846 204 2912 ira
220 2851 412 2930 resedissent,
434 2851 686 2935 exprobrantibus
710 2852 894 2932 consulibus,
915 2851 1013 2916 nihilo
1032 2853 1100 2936 plus
1114 2853 1199 2914 sani·

153 2937 227 3000 tatis
241 2937 273 3001 in
287 2938 381 3018 curia,
396 2957 488 3020 quam
503 2938 535 3000 in
550 2938 616 3002 loro
627 2960 704 3018 esse,
726 2939 831 3003 ordine
846 2938 963 3001 consuli
977 2941 1082 3023 coepit.
1121 2937 1198 3002 Tres

152 3021 235 3084 fuere
258 3025 426 3088 sententie.
470 3022 503 3086 P.
517 3023 672 3108 Virginius
689 3030 717 3067 ⁶⁰
732 3048 796 3090 rem
811 3047 874 3088 non
895 3025 1061 3107 vulgabatr
1083 3025 1147 3088 ‘de
1160 3027 1198 3089 iis
1209 3044 1288 3095 varra
1296 3061 1351 3098 η.

152 3107 311 3187 ‘tontum,
326 3111 491 3192 qui,lidem
506 3113 601 3190 secuti
624 3111 658 3174 P.
681 3110 800 3176 Servilii
823 3112 966 3188 consulis,
987 3110 1111 3190 Volsco,
1131 3110 1325 3173 ,qu-seminia

152 3192 163 3225 ‘
180 3213 286 3272 runco,
301 3191 475 3276 Sabinoque
489 3197 671 3260 militassent
683 3200 774 3275 bello,
788 3194 960 3279 ¹agendum’
982 3197 1137 3259 censebat.
1157 3195 1198 3262 Τ.
1208 3189 1297 3227 ⁸⁸⁸¹*

152 3275 275 3342 lrartius
285 3279 305 3359 ¹,
326 3281 337 3312 ‘
351 3277 423 3342 Non
437 3280 471 3343 id
483 3293 602 3364 tempus
608 3303 691 3362 esse,
701 3295 736 3346 ut
750 3283 860 3345 merita
872 3281 1087 3344 tantummodo
1096 3284 1197 3346 exsol-

153 3365 330 3442 fuerentur.
349 3377 449 3428 totam
469 3363 594 3449 plebem¹
607 3387 664 3430 aere
679 3367 778 3430 alieno
798 3367 965 3430 demersam
987 3389 1074 3431 esser
1096 3371 1122 3410 ¹¹
1138 3390 1196 3434 nec

152 3453 164 3514 .‘
178 3452 361 3535 sistipoase,
376 3453 407 3514 ni
423 3453 562 3516 omnibns
582 3453 765 3518 consulatur.
779 3454 864 3537 quin,
883 3454 909 3516 si
928 3454 990 3517 alia
1006 3455 1134 3520 aliorum
1154 3458 1197 3522 sit

151 3539 328 3620 ‘conditio,
357 3539 483 3604 accendi
509 3540 606 3622 magis
631 3541 825 3621 discordiam,
849 3561 941 3626 quarn
966 3541 1096 3608 sedari.’‹
1134 3542 1196 3630 Ap.

153 3625 309 3708 Claudius,
324 3637 355 3692 et
370 3639 480 3692 natura
500 3627 627 3709 inmitis,
646 3640 678 3693 et
698 3628 839 3693 efferatus
852 3629 924 3694 hinc
938 3629 1035 3714 plebis
1053 3630 1136 3711 odio,
1157 3631 1195 3694 il-

152 3841 538 3979 'rprfflomcrenilup
597 3831 907 3914 smbaem.cm.
960 3859 1197 3929 ‘largientium

151 3940 202 3992 ¹‘l‘l

187 4107 372 4190 turmore]
393 4108 425 4162 Er
439 4121 532 4162 renarra
545 4119 569 4162 et
586 4103 658 4176 plebis
708 4106 745 4190 ,ω
759 4097 1002 4190 tantalides]
1026 4102 1128 4160 Nolon
1143 4121 1195 4158 aa·

153 4187 330 4294 μἪΨΝῆἰί
351 4243 415 4292 aliud
441 4239 517 4309 μοι]
546 4242 659 4293 Tantum·
690 4175 963 4322 mlllllugdrul‘alrlpou]
990 4238 1044 4321 ⁸9³
1063 4255 1129 4306 pons
1146 4253 1196 4295 ren

156 4305 232 4407 usp.
301 4377 306 4389 ·
381 4373 553 4439 puellaribus]
577 4375 661 4424 Pona-
691 4307 1197 4428 nicmllnnlnldlldrlmllffimgioplb:

154 4433 254 4486 batibus
326 4442 480 4510 inquireretur
505 4440 530 4492 in
557 4453 661 4496 auctores
692 4439 764 4493 curn.

60 4543 64 4548 .
155 4500 254 4569 injurias.

196 4589 272 4640 vot.
287 4593 310 4641 1.
738 4595 751 4641 l
