3175 5200
505 369 585 431 ΜΒ.
598 368 683 432 v111.
704 369 786 432 CAP.
800 370 852 431 Vl.
1139 385 1198 443 ⁴58

143 516 315 583 nullaerunr
327 516 422 596 doris,
435 516 543 597 ‘Audi
551 516 684 602 Jupiter,
696 519 760 582 hac
771 517 1021 604 seelera,''iuquit,
1034 520 1195 606 ¹⁷‘audlte3
1207 541 1242 594 u·
1254 544 1361 598 c.41⁵.·

144 604 159 672 ‘,
169 603 221 686 jus
241 605 356 686 fasque.
401 603 578 687 Peregrinos
593 605 731 668 consules
752 618 785 668 et
799 606 991 690 peregrinum
1005 620 1145 680 sensuam
1161 611 1193 676 in
1205 609 1238 660 Α·
1248 609 1278 659 0³
1288 610 1346 661 ³³⁷·

144 691 160 748 f
176 703 241 770 tuo,
256 689 386 776 Jupiter,
406 703 553 774 augurato
568 693 694 776 templo,
710 704 820 776 captus
835 705 928 776 atque
943 693 1007 777 ipse
1022 695 1193 779 obpressa,

18 807 28 848 :
144 777 294 850 ‘visurus
320 777 375 840 esl
413 775 557 846 Haecine
590 779 706 842 foedera
733 777 840 841 Tullus
865 779 1022 844 Romanus
1045 802 1098 844 rex
1121 803 1192 848 cum

145 861 160 897 ‘
176 863 345 942 ”Albanis
354 865 491 948 patribus
505 866 623 944 vestris,
638 861 751 944 Latini,
767 865 831 928 hac
846 862 882 928 la.
894 864 1078 949 Tarquinius
1090 871 1192 939 vobis.

18 983 28 1025 t:
145 949 159 984 ‘
174 971 247 1014 cum
256 963 364 1034 postea
374 950 472 1015 lecit?
499 949 571 1022 Nou
584 953 668 1016 venit
683 953 714 1016 in
726 964 862 1016 mentem
874 973 979 1036 pugna
989 951 1070 1037 apud
1085 952 1191 1038 Regu.

145 1035 237 1100 ‘lum
252 1037 376 1100 lacum?
408 1037 485 1102 adeo
500 1049 532 1102 et
547 1039 701 1102 claudium
715 1050 850 1102 veterum
866 1054 1034 1103 vestrarum
1048 1051 1081 1104 et
1097 1042 1191 1106 bene·

146 1122 159 1156 ‘
174 1123 312 1187 liciorum
327 1135 499 1190 nostrorum
515 1147 588 1209 erga
597 1147 650 1190 vos
665 1125 752 1189 obliti
765 1127 837 1188 estis
849 1123 873 1188 l'

149 1259 155 1275 .
192 1208 248 1274 VI.
270 1209 371 1283 Quum
401 1213 533 1278 consulis
547 1233 654 1276 vocem
683 1213 845 1278 subsecuta
870 1210 995 1276 Patrum
1017 1213 1189 1298 indignatio

148 1310 240 1378 esset,
265 1300 403 1383 proditur
428 1301 592 1377 memorias,
614 1300 753 1362 adversus
793 1300 932 1362 crebram
955 1300 1189 1382 inplorationem

146 1381 263 1465 Deum,
285 1403 365 1467 quos·
398 1397 500 1449 testes*
521 1387 668 1450 foederum
696 1387 804 1470 sapius
827 1387 1010 1452 invocabant
1039 1389 1190 1469 consules,

146 1492 254 1536 vocem
275 1471 379 1552 Annii,
411 1474 580 1556 spernentis
601 1473 728 1537 numina
756 1471 845 1536 Jovis
871 1471 1014 1552 Romani,
1041 1474 1189 1538 auditam.

148 1570 243 1636 certe,
277 1579 369 1642 quum
400 1571 572 1623 commotus
606 1561 652 1622 ira
679 1581 712 1622 se
736 1561 776 1622 ab
790 1558 938 1622 vertibrdo
960 1561 1066 1643 templi
1092 1561 1189 1624 citato

146 1646 246 1726 gradu
273 1648 454 1729 proriperet,
487 1646 587 1728 lapsus
609 1667 662 1727 per
684 1645 817 1727 gradus,
843 1645 943 1728 capite
970 1645 1102 1726 gratita
1131 1649 1187 1709 ob·
1201 1664 1300 1727 tegat.

148 1731 247 1812 senso,
262 1733 402 1816 inpactus
423 1733 485 1794 imo
507 1732 550 1794 ita
569 1743 616 1794 est
628 1751 713 1808 saxo,
736 1741 772 1794 ut
788 1732 979 1816 ¹'sopiretur
1020 1731 1187 1796 Exarrirna-
1202 1731 1298 1780 ΜΝ·
1325 1797 1333 1808 ,

147 1829 214 1882 tum
240 1831 378 1882 auctores
393 1819 537 1900 quoniam
552 1839 615 1880 non
639 1837 744 1880 omnes
759 1829 842 1895 sunt,
867 1817 943 1880 mihi
959 1838 1079 1901 qnoque
1093 1820 1124 1882 in
1140 1821 1188 1881 in·
1199 1795 1334 1874 upum

145 1916 232 1974 certo
257 1905 396 1968 relictum
417 1904 480 1966 sit:
503 1905 581 1966 sicut
596 1904 688 1966 ‘inter
703 1903 851 1966 foederum
873 1915 1031 1986 ruptorum
1045 1875 1294 1969 testatio-⁰⁹⁸¹*

147 2012 219 2054 nem
240 1992 355 2074 ingenti
381 1991 507 2074 fragore«
525 1990 594 2053 coeli
610 1990 776 2075 procellam
807 1990 945 2052 effirsarn.
972 2010 1044 2051 nam
1069 2003 1101 2053 et
1118 2012 1190 2056 uera

138 2099 223 2158 esse,
246 2090 277 2141 et
290 2089 362 2161 apte
385 2075 460 2140 ’lad
475 2076 747 2160 representaudam
763 2076 840 2136 iram
855 2074 958 2137 Deum
967 2075 1040 2136 licta
1050 2091 1189 2159 possunt.

147 2161 331 2248 Torquatus,
356 2165 463 2226 missus
478 2164 517 2225 ab
536 2176 645 2225 senatu
660 2162 698 2224 ad
715 2160 914 2224 dimittendos
940 2161 1070 2242 legatos,
1097 2183 1190 2243 quum

143 2247 301 2331 jacentem
312 2250 587 2327 Anniumridisset,
597 2248 760 2326 exclamat,
772 2247 856 2311 itaut
868 2247 983 2330 populo
994 2246 1192 2331 Patribusque

148 2337 253 2400 audita
279 2359 338 2400 vox
366 2337 480 2420 pariter
500 2337 551 2415 sit,
581 2333 690 2397 ‘Bene
705 2335 809 2396 habet.
831 2333 883 2394 Dii
899 2337 925 2373 ¹¹
935 2334 1018 2416 pium
1047 2336 1190 2399 moverel

150 2423 296 2486 ‘bellum
333 2421 389 2485 Est
418 2423 541 2486 coeleste
572 2418 704 2486 numen!
731 2442 774 2497 es,
802 2439 912 2500 magne
937 2418 1080 2502 Jupiter!
1108 2421 1192 2484 haud
1268 2460 1272 2470 .

150 2509 160 2560 ·‘
175 2510 286 2578 frustra
297 2523 328 2573 te
343 2521 462 2593 patrem
487 2509 587 2572 Deum
604 2507 821 2586 hominumque
835 2507 894 2568 hac
909 2507 982 2579 sede
996 2508 1191 2586 sactissimus.

150 2597 258 2670 ‘Quid
287 2597 422 2675 cessatis,
442 2595 585 2673 Quirites,
610 2616 732 2677 vosque,
762 2592 865 2657 [utres
900 2594 1076 2679 conscripti,
1107 2616 1193 2657 arma

149 2684 159 2715 ‘
175 2706 283 2768 capere
295 2684 363 2747 Diis
379 2684 505 2746 ducibus
522 2682 533 2743 i
562 2680 614 2744 Sic
634 2692 746 2744 stratas
762 2681 897 2762 legiones
906 2678 1086 2743 Latinorum
1098 2682 1191 2759 dabo,

147 2770 430 2853 fquemadmodum
460 2770 595 2851 legatum
618 2766 774 2851 jacentem
794 2765 924 2831 videtis!
968 2767 1109 2829 Adsensu
1133 2788 1191 2852 po-

20 2878 32 2897 *
147 2858 210 2943 puli
226 2870 356 2942 excepta
377 2878 436 2920 vox
459 2854 590 2919 consulis
617 2866 734 2917 tantrrm
759 2854 875 2917 ardoris
904 2853 1013 2916 animis
1029 2872 1034 2879 ·
1048 2854 1133 2933 lecit,
1156 2865 1192 2917 ut

148 2946 265 3027 legatos
290 2944 516 3029 proficiscentes
539 2963 613 3007 cura
636 2942 870 3024 magistratuum
895 2940 1004 3023 magis,
1025 2940 1078 3023 qni
1103 2940 1191 3023 jussu

149 3032 280 3095 consulis
307 3030 576 3113 prosequebantur,
590 3048 681 3110 quam
701 3025 752 3109 jus
776 3025 925 3108 gentium,
956 3027 995 3087 ab
1010 3026 1056 3088 ira
1069 3027 1190 3108 inpetu-

150 3138 208 3202 que
242 3118 401 3179 hominum
431 3127 562 3197 tegeret.
604 3118 631 3153 ²¹
648 3111 812 3175 Consensit
829 3122 875 3175 et
902 3124 1026 3173 senatus
1050 3110 1189 3173 bellumr

150 3204 357 3286 consulesque,
387 3202 503 3264 duobus
527 3200 648 3283 scriptis
676 3198 858 3261 exercitibus
883 3218 937 3281 per
952 3194 1072 3259 Marsos
1088 3194 1189 3280 Pelig-

150 3311 265 3372 nosque
280 3289 422 3375 proiecti,
452 3286 597 3369 adjuncto
612 3283 797 3347 Samnitium
813 3284 959 3361 exercitu,
986 3283 1026 3346 ad
1041 3282 1189 3366 Capuam,

150 3399 210 3461 quo
227 3377 294 3461 jam
307 3374 409 3440 Latini
429 3374 564 3455 sociique
589 3382 802 3449 convenerant,
822 3381 923 3433 castra
936 3370 1050 3432 locant.
1095 3367 1141 3431 lbi
1157 3370 1188 3433 in
1202 3378 1349 3441 munla-

151 3466 252 3548 quiete
263 3462 390 3546 ¹utrique
408 3458 525 3524 consuli
548 3459 657 3523 eadem
673 3456 783 3521 dicitur
802 3458 866 3519 visa
887 3457 1005 3558 species
1018 3454 1074 3558 riri
1089 3452 1188 3556 majo-
1200 3460 1286 3509 tiana·

150 3542 1190 3718 llllxllllnilnaclatimpllilrlilllllimllilllllleriugruesiiigillliiisdrlldnnllllrs
1202 3647 1323 3712 quana

150 3727 160 3762 ‘
174 3725 323 3807 matrique
330 3722 433 3786 Terra
453 3721 578 3799 deberi3
604 3718 700 3783 utrius
716 3716 866 3779 exercitus
881 3716 1047 3800 imperator
1055 3715 1191 3797 legiones
1201 3711 1353 3790 ΝΜ

149 3812 319 3891 ‘hostium
342 3829 491 3893 superque
515 3829 565 3871 eas
586 3828 618 3869 se
645 3804 827 3883 devovisset,
845 3800 909 3885 ejus
920 3802 1025 3886 populi
1036 3802 1193 3884 partisque
1202 3786 1362 3896 ἓξὲξ·

536 3902 806 3957 *marcomerem
923 3964 928 3971 ι
1012 3960 1015 3965 ,

182 3992 334 4055 utrque,
350 3990 393 4042 Jur
408 3988 503 4054 Papo]
523 3988 561 4037 sie
577 4004 655 4053 supra,
718 3983 819 4033 ΝΜ
836 3982 1031 4047 representantem
1047 3975 1104 4029 iram
1117 3978 1194 4045 dedu]

151 4074 169 4115 r.
179 4061 316 4115 standan
328 4057 378 4107 Far.
394 4054 448 4107 vid.
461 4054 597 4105 ἰδίιοωθ.
687 4050 722 4099 Ur
733 4064 834 4115 presens
842 4046 974 4097 intrrlnlrss
987 4046 1092 4095 rideam
1106 4058 1195 4095 aunan

184 4126 230 4161 ¹⁸¹
249 4126 349 4181 Alnsur'r,
369 4125 468 4186 patribus
488 4121 572 4182 amris,
588 4116 655 4169 lati·
688 4114 873 4166 etiradaorum.
1141 4173 1171 4187 ..

148 4190 184 4254 ru]
212 4192 305 4257 Nempe
327 4188 406 4239 latini
428 4188 456 4237 alr
484 4186 541 4235 Allo
565 4184 657 4233 oriundi
718 4180 740 4216 ⁹¹
759 4180 776 4211 θ
793 4178 962 4227 Pisanum
980 4174 1073 4253 δᾴδια]
1099 4172 1197 4239 incipite

149 4267 226 4322 arsat,
244 4270 272 4317 ut
293 4257 396 4315 obtenu
415 4253 556 4318 Tarquinius
571 4249 657 4314 Super·
689 4249 803 4302 ιιὶνεηιιι1
817 4256 919 4292 namna
936 4252 1006 4289 restra
1027 4250 1198 4317 eputenptorss

149 4332 204 4391 bus.
217 4330 236 4381 1.
254 4342 273 4380 ι.
290 4342 312 4379 c.
326 4328 367 4378 52.
382 4324 440 4374 vid.
450 4333 474 4371 es
486 4336 505 4370 o
517 4316 655 4383 sejustus
687 4304 1019 4427 pappmhfflqrbffllwt
1034 4320 1122 4367 ‘tm
1139 4318 1197 4367 qno-

151 4400 236 4502 llii'i
252 4456 375 4525 squas]
399 4452 452 4505 vu
473 4462 523 4503 m.
544 4450 569 4499 r.
591 4446 620 4497 a
639 4458 657 4497 ι.
693 4430 1124 4500 'mmmmm-1
1143 4430 1198 4483 ua

152 4531 192 4586 η,
259 4526 280 4542 '¹
690 4501 998 4560 undasundas?-
