3175 5200
396 564 685 713 'senous
715 622 884 707 unul
907 620 962 703 u.

581 808 816 827 ..n———m

209 928 267 991 IN
277 928 426 993 absidiam
448 926 586 991 Veioncm
605 922 802 1010 hibemaaclu
816 922 964 985 militibus
969 919 1067 1001 sacta
1078 932 1157 986 sunt.
1172 943 1210 985 ea

165 1036 214 1077 nes
229 1037 319 1099 quum
333 1023 410 1078 esset
429 1034 519 1091 nona,
534 1012 777 1095 indignationem
793 1010 978 1073 tribunonrm
993 1008 1092 1090 plebis
1105 1010 1210 1088 mooit,

165 1103 349 1185 audentium
363 1122 424 1165 non
444 1102 514 1163 dari
533 1099 613 1183 plebi
633 1118 688 1161 nec
706 1118 763 1179 per
790 1097 919 1161 hisnem
934 1095 1052 1159 militine
1066 1096 1209 1180 reanierm

165 1188 297 1272 Equites
319 1198 383 1251 tum
405 1188 538 1269 primum
567 1186 647 1270 emtis
675 1184 738 1247 suis
761 1204 877 1246 merere
902 1191 1064 1263 coepensnt.
1111 1183 1211 1254 Quum

164 1275 322 1337 inundatio
337 1296 377 1338 en
393 1273 461 1337 ἰαοιι
481 1273 603 1336 Albano
609 1268 706 1353 sacta
720 1278 807 1349 esset,
820 1277 916 1347 uates,
931 1269 983 1353 qui
1001 1288 1070 1331 eam
1080 1289 1147 1331 rem
1159 1270 1209 1332 in-

166 1368 392 1442 terpretaretur,
417 1360 455 1422 de
471 1358 603 1423 hostibus
617 1365 725 1439 captus
739 1364 795 1420 est.
838 1354 955 1423 Furius
976 1352 1125 1419 Camillus
1143 1354 1209 1418 dic·

167 1454 248 1509 tator
264 1448 367 1511 decem
382 1466 477 1510 annos
491 1432 623 1509 obsessos
647 1441 733 1505 Veios
748 1442 847 1525 cepit.-
868 1440 1068 1507 simulacnum
1081 1440 1211 1507 Juuorris

166 1530 302 1595 Romam
317 1532 496 1597 transtulit.-
518 1532 668 1595 decimam
685 1537 805 1610 partem
821 1528 936 1611 praedae
959 1526 1210 1611 DelpbosApol-
1334 1535 1339 1543 “

167 1618 220 1681 lini
235 1618 325 1682 misit.
369 1618 456 1682 Idem
471 1618 607 1682 bburrm
622 1616 762 1694 militum,
778 1636 870 1701 quum
889 1614 1030 1679 Faliscos
1051 1613 1212 1696 obsideret,
1231 1637 1236 1650 ¹

169 1706 326 1787 ¹proditos
346 1704 476 1769 bostium
487 1705 577 1785 filios
591 1702 768 1787 parentibus
781 1701 920 1765 remisit:
940 1704 1104 1787 statimque
1124 1702 1212 1767 dedi-

167 1791 247 1853 tione
263 1787 370 1871 sacta,
397 1790 589 1855 Faliscorum
617 1790 779 1853 uictoriam
796 1784 926 1873 justitia
952 1798 1130 1853 mmecutns
1154 1799 1212 1855 ert.

170 1876 269 1949 Quum
284 1876 364 1941 alter
378 1899 418 1942 en
432 1878 602 1941 consoribus
619 1875 653 1941 C.
668 1874 771 1940 suna
785 1875 971 1963 decessisset,
986 1876 1019 1939 in
1034 1875 1132 1939 neum
1145 1870 1213 1959 ejus

169 1960 218 2026 M.
238 1960 393 2027 Carsidius
406 1960 561 2045 subfectus
582 1973 638 2027 est.
659 1982 717 2026 nec
738 1962 772 2025 id
794 1971 901 2044 postea
911 1957 1038 2042 sactum
1052 1970 1116 2025 est:

166 2050 251 2112 niam
266 2072 300 2115 eo
318 2050 414 2115 lustro
433 2071 454 2115 a
475 2050 577 2115 Gallis
593 2049 697 2113 Roma
712 2057 806 2131 capta
820 2056 877 2113 est.
920 2046 1037 2112 Furius
1055 1983 1215 2131 Garum,

61 2170 63 2174 >
167 2156 259 2221 quum
272 2137 300 2198 ei
314 2138 378 2200 dies
392 2158 413 2200 a
429 2136 469 2199 L.
478 2138 629 2221 Appuleio
645 2135 872 2217 tribunoplebis
882 2136 967 2198 diota
982 2142 1071 2213 esset,
1085 2134 1119 2199 in
1133 2134 1214 2200 ersi·

170 2222 243 2285 lium
265 2222 352 2286 abiit.
399 2222 500 2295 Quum
530 2224 661 2287 Senones
696 2221 782 2285 Galli
811 2219 946 2285 Clusium
974 2220 1157 2301 obsiderem,
1185 2230 1216 2285 et

170 2306 277 2391 legati,
298 2318 441 2372 asenatu
463 2309 547 2373 missi
562 2309 605 2373 ad
619 2308 859 2391 componendam
871 2308 951 2371 inter
964 2328 1016 2372 eos
1029 2317 1060 2369 et
1078 2306 1218 2373 ctutum

164 2412 285 2475 pacem,
305 2404 482 2479 pregnantes
508 2404 617 2459 contra
642 2376 751 2459 Gallos
779 2396 813 2457 in
839 2394 906 2457 acie
938 2392 1129 2457 Clusinorum
1151 2403 1215 2457 ste·

169 2479 297 2553 tissent,·
322 2480 377 2541 noo
393 2475 485 2559 facto
511 2501 614 2549 eorum
639 2479 785 2543 concitati
813 2477 946 2542 Senones
973 2478 1077 2541 urbem
1104 2474 1217 2557 infesta

167 2566 303 2629 enercitu
313 2564 477 2647 petierunt,
493 2562 633 2650 fusisque
648 2565 692 2628 ad
715 2563 834 2627 Alliam
877 2585 967 2628 umen
980 2562 1142 2644 Romanuin
1165 2585 1216 2628 ce·

164 2673 239 2732 pere
252 2653 357 2716 urbem
368 2663 482 2734 prater
498 2650 694 2733 Capitolium,
719 2650 752 2713 in
871 2671 904 2714 se
916 2647 1066 2734 juventus
1080 2650 1216 2714 contule-

166 2747 239 2800 rut:
262 2735 394 2822 majares
414 2747 502 2816 natu,
527 2759 598 2801 curn
623 2737 793 2820 insignibus
816 2736 975 2816 banorum
998 2757 1072 2821 quos
1093 2737 1218 2824 quamue

166 2833 314 2906 gesserat,
339 2824 371 2886 in
392 2823 546 2888 uestibrclis
571 2822 683 2888 aedium
703 2823 855 2902 sedentes,
878 2823 1061 2888 occiderunt.
1079 2833 1112 2886 et
1126 2845 1218 2910 quum

164 2931 219 2991 per
243 2929 383 2974 auersam
404 2920 525 2992 purtem
552 2909 699 2992 Capitolii
717 2905 848 2992 jamin
869 2931 1020 2974 sumnurm
1041 2911 1218 2988 evasissent,

164 2995 279 3077 proditi
294 2997 441 3082 clangore
456 3017 608 3075 anserum,
635 2993 686 3059 M.
706 2994 822 3058 Manlii
832 2998 986 3078 precipue
1000 3016 1094 3078 opera
1106 2993 1219 3078 dejecti

167 3089 247 3142 sunt.
269 3084 407 3144 ²coactis
422 3083 532 3144 deinde
542 3078 797 3163 proptersameus
811 3082 965 3146 Romanus
978 3081 1170 3161 descendere,
1185 3090 1220 3145 ut

168 3165 251 3228 mille
264 3167 364 3247 pondo
380 3168 448 3230 auri
462 3167 581 3244 darent,
596 3176 627 3230 et
647 3167 703 3228 hoc
715 3169 815 3246 pretio
826 3167 929 3246 finem
951 3167 1116 3233 obsidwrris
1137 3186 1219 3230 erne·

169 3260 237 3314 rent
244 3274 259 3326 ,·
283 3250 395 3313 Furius
419 3251 576 3330 Camillus,
602 3251 734 3316 dictatos
761 3251 871 3314 absem
891 3261 1023 3329 meatus,
1044 3252 1124 3312 inter
1139 3272 1219 3332 pen·

171 3337 433 3400 dendum'aurum
455 3357 522 3400 aum
544 3337 677 3399 exercitu
697 3336 790 3412 uenit,
817 3344 848 3398 et
875 3331 986 3398 Gallos
1007 3343 1081 3417 past
1100 3345 1220 3400 sentum

170 3443 302 3487 ocensem
313 3423 389 3486 urbe
402 3421 529 3504 espulit,
545 3421 718 3506 ceciditque.
752 3419 850 3484 AEdes
863 3422 938 3486 ³Aio
952 3417 1219 3508 loquutiosacta

253 3509 316 3573 laco
343 3517 415 3571 ante
439 3509 546 3572 urbem
570 3516 695 3590 captam
719 3523 793 3571 von·
811 3505 921 3573 audita
938 3519 1023 3590 mat,
1053 3507 1219 3575 adventare

200 3597 285 3659 allos.
328 3593 460 3658 Dictum
484 3603 540 3674 est,
565 3595 608 3657 ad
629 3593 715 3658 Veios
729 3593 927 3678 migrandum
948 3617 1012 3660 esse
1030 3605 1156 3680 propter
1168 3599 1218 3661 in·

170 3703 292 3745 ceresam
313 3691 344 3744 et
365 3681 499 3746 dirutaut
519 3683 632 3744 urbem.
659 3681 739 3766 quod
761 3681 917 3747 comitium
943 3682 1074 3747 Caruilio
1096 3693 1220 3747 auctore

171 3769 336 3832 discussum
351 3777 406 3832 est.
450 3765 553 3831 Movit
563 3767 712 3850 populum
725 3767 809 3831 nocis
821 3789 936 3854 quamne
955 3791 1044 3833 omen
1062 3791 1101 3832 ea
1114 3778 1220 3832 centu·

170 3857 255 3918 rione
269 3855 396 3933 audita,
417 3855 479 3938 arti,
499 3875 591 3939 quarm
604 3855 638 3918 in
644 3854 753 3936 sorum
766 3855 908 3936 munes,
930 3853 1146 3940 manipulariis
1159 3855 1223 3920 suis
1277 3897 1282 3906 ·

173 3941 303 4021 dicuat,
319 3939 375 4004 Sta
389 3942 477 4005 miles
485 3965 496 4022 3
520 3944 570 4004 hic
586 3939 703 4026 apside
717 3943 917 4008 manebimus.

205 4071 679 4138 ¹Prodtsoslrostinmfitias1Delrinsssse
711 4073 859 4126 durissimam
879 4075 939 4128 lunc
961 4075 1118 4128 mutianum
1137 4073 1225 4128 usblts’

171 4138 195 4186 iu
205 4148 258 4186 acto
269 4139 331 4187 libris
347 4138 459 4201 reperisse
471 4151 569 4190 testuut
584 4141 680 4203 proditos
711 4149 778 4190 ut...

171 4219 187 4249 a
206 4205 341 4283 sagien-is..
367 4204 450 4282 ltaque
475 4204 530 4268 legit
549 4207 645 4270 proditas
664 4223 679 4254 a
742 4205 813 4255 ’sto
824 4205 950 4286 loquutia]⁸
964 4205 1054 4256 unani
1067 4205 1221 4288 ludunum

172 4269 519 4384 ”immittis
544 4337 679 4397 nun,
710 4271 1220 4390 immensus

177 4395 217 4457 ut]
248 4396 320 4446 Recte
347 4400 438 4448 videtur
464 4399 595 4451 Gronovius
621 4403 678 4468 adji·
710 4407 923 4457 sommantio.
938 4406 1011 4472 hujus
1027 4403 1088 4458 libri.
1118 4402 1222 4454 vuum

176 4463 678 4518 censacnlmssantsvssbumdcruen-
710 4465 1222 4536 acinumedtusbqnemtsudsvtr'u·

171 4527 230 4579 deu.
262 4526 679 4600 Eudanndmumdsnme,
710 4535 790 4587 tutti.

732 4619 788 4678 112
