3175 5200
404 380 464 439 seo
638 372 722 433 mm
741 367 842 431 mvn
861 367 942 432 ms.
963 326 1016 428 iv.
1035 368 1212 430 cenum.

239 542 377 593 mm,
406 534 525 579 summa
543 514 603 577 fide
625 534 664 577 ex
684 532 775 577 censu
790 510 980 589 contudisset,
1003 509 1150 594 primores
1170 510 1281 595 plebis,
1303 510 1456 576 nobilium

238 610 271 657 A.
282 608 310 657 C·
321 606 377 657 ⁴⁰³·
407 600 508 680 amici,
520 622 558 664 ex
573 598 741 683 composito
754 596 894 662 conferre
904 595 1065 679 incipiunt.
1080 617 1156 677 quos
1166 618 1261 680 quum
1273 609 1306 660 et
1321 619 1340 659 a
1355 596 1455 662 Patri-

240 672 308 721 ffib'
319 671 394 736 nequi.
407 690 463 752 bus
477 684 663 764 conlaudari,
677 694 710 747 et
724 704 743 747 a
756 682 881 753 militari
894 693 984 745 astate
998 693 1155 764 tamquam
1170 683 1269 746 bonos
1280 684 1362 745 cives
1377 705 1454 747 con·

238 748 285 786 ’ω’
407 774 482 857 spici
515 772 620 852 vulgus
658 769 817 832 hominum
852 768 939 846 vidit,
974 780 1111 851 repente,
1144 782 1249 853 spreto
1289 769 1455 833 tribunicio

406 858 530 935 auxilio,
552 869 706 919 certarnen
727 853 903 917 conferendi
926 867 973 917 est
996 866 1109 917 ortum.
1125 866 1168 933 et,
1182 855 1250 939 lege
1269 856 1389 938 perlate
1415 857 1454 918 de

384 940 759 1007 'indicendo‘Veientibus
773 940 864 1020 bello,
890 940 1056 1003 exercitum
1080 961 1195 1023 magua
1222 962 1263 1004 ex
1286 953 1375 1024 parte
1399 963 1452 1005 vo·

405 1028 569 1093 luntarium
598 1026 667 1091 novi
691 1026 804 1093 tribuni
833 1024 965 1091 militum
993 1026 1146 1089 consulari
1176 1038 1330 1109 potestate
1360 1024 1453 1091 Veios

406 1114 528 1177 duxere.

238 1211 380 1262 meost.
447 1198 530 1263 LXI.
566 1196 662 1263 Fuere
692 1209 794 1263 autem
832 1196 945 1262 tribuni
962 1200 966 1205 ’
984 1194 1023 1259 Τ.
1053 1196 1214 1268 Quinctius
1246 1197 1450 1281 Capitolinus,

236 1274 376 1359 *⁰3⁰2
405 1284 457 1358 Q?
494 1285 654 1358 Quinctius
682 1284 893 1363 Cincinnatus,
932 1280 967 1346 0.
996 1280 1095 1345 Julius
1132 1281 1222 1346 dulus
1256 1284 1373 1365 iterum,
1404 1285 1449 1349 A.

235 1342 384 1467 {offla
405 1370 552 1450 Manlius,
567 1370 602 1435 h.
618 1368 724 1433 Furius
744 1368 931 1434 Medullinus
945 1370 1101 1447 tertium-⁸,
1125 1367 1185 1431 Μ’.
1209 1366 1351 1433 AEmilius
1373 1370 1448 1433 Ma-

236 1472 291 1523 Mil.
404 1458 565 1522 mereinue.
606 1456 657 1519 Ab
679 1456 726 1519 his
751 1458 882 1540 primurn
909 1454 1098 1518 circumsessi
1115 1446 1185 1517 Veii
1208 1468 1298 1534 sunt3
1322 1456 1379 1519 sub
1394 1478 1447 1519 cu·

235 1559 330 1675 popm
400 1543 451 1626 jus
473 1544 595 1690 inqpiqm
616 1542 782 1690 obsidsionis
805 1538 1307 1704 qaemhffirtuwommgcomssium
1334 1542 1448 1692 adtigu-

260 1642 299 1679 ²¹¹·
403 1650 477 1692 num
533 1642 675 1693 otumuae
711 1648 742 1691 re
763 1648 823 1691 uen
855 1650 869 1689 r
957 1648 1034 1689 rum
1056 1646 1124 1689 esse
1192 1648 1277 1689 arum
1298 1650 1373 1691 cons

403 1714 524 1779 bellone
545 1714 667 1799 publico
686 1649 785 1799 geniis
805 1714 949 1779 universae
968 1712 1074 1777 tuendi
1088 1648 1231 1775 Veierites
1247 1727 1359 1777 essent.
1403 1640 1452 1777 Εἰ

403 1800 589 1885 obpugnatio
611 1800 732 1883 segnior
756 1798 926 1883 insequenti
947 1820 1028 1862 enno
1054 1798 1121 1877 fuit,
1144 1810 1232 1881 parte
1253 1799 1448 1862 tribunorum

234 1900 267 1953 u.
275 1902 304 1955 c.
315 1902 374 1953 ³51.
403 1884 613 1969 exercinrsque
635 1885 675 1951 ad
699 1884 847 1949 Volscum
872 1894 1001 1948 evocem
1028 1884 1147 1947 bellum.
1186 1880 1337 1947 Tribunos
1360 1886 1446 1947 rnili-

232 1966 373 2043 A.c.⁴q1.
402 1981 468 2035 tum
484 1972 634 2035 consulari
677 1980 808 2035 otestate
833 1972 859 2032 is
884 1990 980 2031 annus
1002 1968 1108 2032 habuit
1130 1967 1166 2033 C.
1180 1965 1335 2031 Valerium
1355 1967 1443 2033 Poti-

232 2029 381 2149 fi‘ffffi,
402 2068 467 2121 tum
491 2056 626 2134 tertium,
693 2052 875 2137 ’.Sergium
901 2051 1089 2131 Fidenatem,
1116 2051 1151 2116 P.
1170 2050 1344 2117 Cornelium
1369 2052 1445 2118 Ma·

235 2130 291 2210 Mil.
331 2131 353 2205 ἰ
381 2130 600 2225 'luginensem
624 2134 682 2203 Cn.
697 2136 872 2203 Cornelium
893 2136 1033 2217 Cossum,
1056 2136 1098 2203 K.
1112 2138 1239 2203 Fabium
1249 2139 1446 2224 Ambustum,

402 2222 456 2309 Sp.
483 2224 631 2292 Nautium
660 2222 800 2290 Rutilum
828 2226 948 2289 iterum.
992 2224 1071 2287 Cum
1093 2221 1216 2289 Volscis
1229 2226 1310 2289 inter
1333 2224 1447 2289 Feren-

233 2324 302 2387 vmi,
401 2312 497 2377 tinum
533 2324 624 2393 atque
658 2308 802 2376 Fcetram
834 2311 928 2394 signis
962 2310 1101 2375 conlatas
1133 2312 1325 2375 dimicatum.
1381 2310 1446 2375 Ro-

231 2390 316 2443 votet
400 2397 498 2465 menis
512 2397 647 2461 secunda
660 2396 783 2477 fortuna
797 2417 906 2480 pugnes
921 2396 987 2460 fait.
1028 2395 1148 2461 Artena
1167 2398 1251 2478 inde,
1265 2396 1445 2462 Volscorum

396 2483 554 2567 oppidum,
579 2482 618 2546 ab
633 2482 762 2547 tribunis
782 2482 914 2547 obsideri
930 2493 1042 2567 coepta.
1065 2484 1138 2551 inde
1154 2483 1236 2548 inter
1256 2486 1445 2569 eruptionem

396 2580 560 2650 tentatam,
580 2569 737 2656 compulso
761 2568 793 2634 in
820 2569 926 2634 urbem
952 2570 1052 2649 hoste,
1076 2570 1198 2634 occasio
1219 2570 1293 2634 data
1316 2582 1363 2636 cst
1381 2568 1443 2633 Ro-

396 2655 496 2718 manis
507 2655 711 2740 inrumpendi.
728 2657 927 2739 ⁵⁷praeter'que
942 2676 1043 2718 arcem
1058 2670 1162 2720 cetera
1176 2669 1279 2741 cepta.
1294 2657 1327 2719 in
1342 2678 1443 2720 arcem

396 2741 546 2806 munitam
565 2754 674 2806 natura
699 2741 807 2823 globus
830 2753 1017 2806 arbustorum
1037 2743 1195 2807 concessit.
1238 2741 1323 2804 Infra
1337 2764 1443 2804 arcem

396 2827 464 2892 eaesi
488 2827 632 2912 captique
652 2827 739 2892 multi
759 2827 915 2891 mortales.
937 2849 994 2892 ant
1016 2827 1124 2892 deinde
1143 2827 1358 2891 obsidebatur:
1380 2848 1443 2890 nec

395 2913 488 2978 eutvi
505 2914 574 2999 capi
592 2923 724 3000 poterat,
744 2913 818 2996 quia
839 2935 896 2997 pro
918 2915 1017 2998 spetio
1032 2915 1092 2978 loci
1109 2914 1182 2978 satis
1195 2911 1327 3014 praesidii
1342 2913 1441 2976 habe·

395 2999 449 3062 bet
460 3021 471 3078 3
494 3012 548 3062 aut
573 3021 658 3086 spem
684 2997 779 3064 dabat
802 2999 977 3079 deditionis,
1013 3000 1097 3064 omni
1122 3000 1243 3086 publico
1272 2999 1442 3077 frumento,

396 3082 570 3168 priusquam
591 3087 661 3147 urbs
677 3098 846 3170 caperetur,
867 3086 899 3147 in
922 3107 1025 3148 arcem
1045 3097 1202 3149 convecto.
1224 3084 1377 3167 taedioque
1391 3106 1441 3146 re-

395 3193 512 3234 cessum
528 3171 599 3234 inde
613 3172 702 3251 foret,
719 3172 752 3234 ni
776 3192 877 3234 servus
899 3193 1000 3235 arcem
1021 3173 1169 3236 Romanis
1192 3173 1386 3256 prodidisset
1403 3172 1441 3232 ab

376 3275 432 3320 .eo
448 3257 561 3321 milites
576 3279 631 3341 per
651 3254 753 3322 locum
768 3257 898 3322 arduum
914 3259 1033 3340 accepti
1047 3279 1166 3342 cepere.
1188 3281 1215 3330 a.
1223 3259 1332 3340 quibus
1347 3277 1441 3338 quum

394 3343 535 3406 cristodes
563 3343 797 3421 trucidarentur,
822 3353 924 3405 cetera
945 3343 1121 3421 multitudo,
1144 3344 1305 3428 repentino
1329 3363 1442 3426 pavore

393 3429 547 3510 obpressa,
557 3429 590 3489 in
603 3423 789 3490 deditionem
800 3429 896 3491 venit.
930 3428 1042 3491 Diruta
1052 3440 1085 3490 et
1095 3450 1165 3492 arce
1181 3441 1213 3491 et
1228 3431 1301 3490 urbe
1312 3427 1440 3506 Artena,

394 3511 526 3574 reducta
538 3511 674 3591 legiones
689 3532 728 3574 ex
742 3509 864 3575 Volscis
874 3512 1033 3595 omnisque
1043 3513 1088 3576 ris
1099 3512 1242 3578 Romana
1255 3513 1348 3577 Veios
1362 3535 1438 3576 cou-

292 3597 293 3602 ’
392 3613 481 3658 versa
495 3607 552 3658 est.
597 3593 758 3674 Proditori,
782 3610 889 3681 prester
908 3598 1090 3679 libertatem,
1114 3601 1241 3663 duarum
1256 3601 1439 3662 familiarum

374 3680 475 3750 ¹bona
489 3680 520 3742 in
535 3680 691 3764 premium
706 3681 789 3747 date.
835 3683 956 3748 Servius
971 3685 1126 3748 Romanus
1140 3687 1305 3750 vocitatus.
1347 3684 1439 3764 Sunt,

413 3765 444 3830 ui
470 3763 618 3846 Artenam
647 3763 834 3848 Veientium,
869 3792 931 3834 non
960 3769 1152 3853 Volscorum,
1182 3773 1275 3836 fuisse
1299 3773 1438 3835 credant.

493 3865 507 3916 t
519 3873 664 3934 errorem,
678 3856 761 3936 quod
776 3853 913 3937 ejusdem
926 3859 1059 3920 nominis
1070 3857 1142 3921 urbs
1157 3861 1236 3921 inter
1250 3856 1334 3922 Cere
1344 3871 1442 3940 etque

391 3935 484 4003 Veios
507 3939 584 4002 fulta
606 3939 661 4006 ted
686 3961 754 4008 eam
774 3961 860 4024 reges
882 3941 1013 4005 Romani
1041 3944 1189 4024 delevere,
1216 3943 1442 4025 Caeretumque,

390 4045 451 4087 non
462 4021 648 4106 Veientium,
664 4025 773 4090 dierat.
815 4027 924 4092 Altera
937 4029 1002 4092 haec
1014 4031 1138 4096 nomine
1153 4030 1262 4094 eodem
1275 4031 1307 4096 iu
1321 4028 1441 4092 Volsco

391 4129 465 4190 agro
479 4111 547 4192 tuit,
559 4110 646 4194 cnjus
657 4112 810 4178 excidium
824 4124 873 4176 est
887 4113 1016 4178 dictum.

516 4283 819 4349 ,weremundus
985 4289 1214 4340 'metentium
1224 4289 1288 4340 End.

387 4411 713 4560 „patmum
721 4424 897 4560 {amq
926 4425 1116 4482 sumum
