3175 5200
406 408 465 464 ³54
835 395 921 456 'rm
939 394 1040 454 mvn

262 572 377 627 ,ntem
409 555 566 637 occupatis
589 554 631 615 ibi
645 551 748 614 vacuis
768 551 872 628 tectis,
896 547 994 612 Veios
1016 570 1049 610 se
1069 548 1276 613 contulerant.
1298 562 1331 614 et
1355 551 1455 637 prium

176 689 178 695 .
258 639 375 693 «ΗΜ
409 643 550 704 fremitus
565 640 623 702 fuit
637 638 884 722 adspernantium
904 636 1087 719 imperiumz
1111 637 1177 698 dies
1201 638 1314 701 deinde
1335 638 1453 722 praesti·
1482 659 1487 666 ·

409 740 478 792 tuta
507 726 705 811 capitalisque
731 745 833 808 poena,
847 742 851 750 ’
864 724 915 804 qui
936 744 998 784 non
1025 723 1221 803 remigrasset
1246 724 1392 803 Romam,
1414 746 1454 787 ex

396 815 559 877 ‘ferocibus
579 813 724 874 universis
743 811 889 893 ampelos,
910 821 996 871 metu
1021 830 1076 869 suo
1092 828 1255 894 quemque,
1277 813 1456 874 obedientes

398 902 492 963 fecit.
525 898 566 962 Et
582 899 683 961 Roma
707 917 801 979 quum
823 897 994 978 frequentia
1016 915 1162 974 crescere,
1184 911 1251 960 tum
1273 910 1343 962 tota
1364 900 1454 960 simul

409 1007 570 1069 exsurgere
584 986 730 1063 aediliciis,
747 998 779 1047 et
802 983 957 1065 republica
975 984 1118 1065 inpensas
1143 984 1319 1066 adjuvante,
1334 999 1366 1048 et
1380 984 1454 1046 asdi-

395 1073 487 1135 ·libus
516 1074 599 1135 velut
632 1072 786 1154 publicum
813 1070 1003 1151 exigentibus
1026 1089 1112 1151 opus,
1150 1083 1183 1132 et
1220 1072 1292 1153 ipsis
1324 1072 1454 1154 privatis

411 1159 610 1226 (admonebat
634 1160 715 1220 enim
737 1157 919 1219 desiderium
941 1154 1025 1235 usus)
1052 1156 1264 1219 festinantibus
1290 1158 1329 1219 ad
1356 1158 1454 1221 effec-

408 1256 475 1309 tum
502 1248 612 1330 operis.
626 1246 766 1327 intraque
791 1262 904 1304 annum
933 1263 1012 1303 nova
1035 1243 1107 1303 urbs
1133 1244 1229 1305 stetit.
1272 1242 1363 1306 Exitu
1377 1244 1454 1306 anni

409 1334 537 1395 comitia
567 1334 755 1394 tribunorum
793 1330 922 1390 militum
959 1328 1110 1389 consulari
1148 1342 1301 1411 potestate
1335 1332 1454 1393 habita.

241 1438 274 1487 U.
287 1438 315 1487 0.
325 1438 381 1489 367.
397 1422 502 1482 'creati
516 1418 555 1481 Τ.
570 1419 731 1489 Quinctius
756 1416 966 1491 Cincinnatus,
997 1414 1036 1485 Q.
1051 1412 1193 1477 Servilius
1217 1415 1348 1479 lldenas
1363 1418 1454 1499 quin-

240 1504 380 1583 A·⁰·‚33⁵‚·
408 1518 484 1585 tam,
509 1504 544 1569 L.
557 1506 657 1569 Julius
686 1503 785 1580 Julus,
816 1500 852 1563 L.
870 1502 1048 1582 Aquillius¹¹
1079 1500 1205 1581 Corvus,
1232 1502 1269 1566 L.
1299 1502 1454 1565 Lucretius

238 1568 399 1687 fflmffi‘f'
407 1588 616 1676 Tricipitinus,
643 1590 710 1653 Ser.
736 1588 888 1672 Sulpicius
914 1586 1020 1649 Rufus.
1062 1587 1239 1652 Exercitum
1267 1591 1396 1651 altemm
1421 1590 1454 1652 in

314 1650 334 1685 r.
390 1675 538 1762 'AEquos,
563 1700 625 1741 non
652 1679 690 1740 ad
717 1677 841 1755 bellum,
860 1674 968 1755 (victos
983 1696 1116 1756 namque
1135 1698 1168 1737 se
1184 1677 1371 1757 fatebantur)
1400 1676 1455 1739 sed

398 1768 449 1829 'ab
464 1768 535 1829 odio
549 1768 589 1829 ad
612 1764 829 1849 pervastandos
843 1762 931 1840 fines,
956 1782 995 1822 ne
1011 1762 1139 1843 quid·ad
1154 1784 1232 1825 nova
1247 1764 1375 1825 consilia
1401 1787 1453 1827 re-

395 1856 580 1936 linquerent
615 1853 733 1929 nuum,
771 1850 905 1911 duxere:
944 1849 1072 1909 alterum
1115 1849 1145 1909 in
1182 1870 1289 1933 agrum
1315 1848 1451 1931 Tarqui-

406 1941 552 2002 niensem.
597 1937 644 1999 lbi
682 1937 798 2020 oppida
830 1934 1027 1997 Etruscorum
1059 1933 1205 1997 Cortuosa
1238 1947 1270 1998 et
1291 1935 1450 1999 Contene-
1489 1990 1493 1995 .

406 2028 463 2089 bra
477 2030 504 2066 ²⁰
515 2027 544 2088 vi
567 2037 658 2109 capta
686 2025 856 2104 dimtaque.
899 2020 951 2083 Ad
974 2019 1152 2083 Cortuosam
1174 2022 1250 2083 nihil
1273 2024 1450 2086 certaminis

406 2114 475 2175 fuit.
498 2113 650 2196 inproviso
670 2112 779 2187 adorti,
795 2111 894 2192 primo
910 2110 1044 2170 clamore
1066 2121 1157 2190 atque
1184 2109 1291 2191 inpetu
1315 2131 1448 2192 cepere:

407 2200 560 2283 direptum
575 2198 723 2282 oppidum
741 2208 833 2277 atque
846 2196 1005 2257 incensum
1020 2207 1076 2256 est.
1112 2194 1309 2257 Contenebra
1333 2218 1449 2278 paucos

396 2286 472 2349 'dies
487 2286 749 2370 obpugnationem
779 2282 941 2360 sustinuit3
965 2280 1108 2363 laborque
1124 2284 1299 2361 continuus,
1324 2304 1387 2343 non
1403 2283 1453 2345 die

404 2394 467 2437 non
484 2385 574 2434 nocte
590 2372 743 2450 remissus,
764 2370 885 2451 subegit
896 2390 959 2429 eos.
981 2388 1074 2449 quum
1091 2370 1121 2429 iu
1145 2391 1201 2430 sex
1219 2380 1322 2453 partes
1341 2370 1453 2431 divina

406 2461 557 2521 exercitus
583 2458 740 2519 Romanus
769 2457 885 2516 ²¹senis
907 2455 988 2516 horis
1002 2457 1155 2517 inorbem
1179 2456 1357 2518 succederet
1371 2477 1452 2539 proe-

396 2544 459 2623 ·lio,
475 2545 646 2629 oppidanos
662 2544 784 2607 eosdem
800 2543 962 2624 ”integro
983 2562 1101 2625 semper
1128 2544 1288 2605 certamini
1316 2544 1451 2626 paucitas

407 2631 502 2694 fessos
518 2630 687 2712 objiceret3
711 2651 828 2692 cessere
843 2630 979 2707 tandem,
1005 2630 1149 2711 locusque
1164 2631 1327 2691 invadendi
1343 2631 1453 2692 urbem

407 2715 555 2780 Romanis
580 2717 668 2779 datus
699 2729 754 2778 est.
792 2715 941 2777 Publicari
968 2715 1102 2798 praedam
1131 2717 1259 2778 tribunis
1283 2718 1452 2799 placebate

395 2805 459 2866 'sed
474 2804 646 2886 imperium,
670 2824 761 2884 quam
776 2803 945 2880 consilium,
970 2803 1091 2884 segnius
1115 2803 1180 2863 fait.
1203 2803 1275 2863 dum
1296 2815 1452 2864 cunctan-

354 2955 359 2962 ,
402 2901 464 2968 tur,
481 2890 547 2973 jam
569 2891 697 2952 militum
711 2889 814 2972 praeda
829 2900 915 2964 erat3
938 2909 1006 2964 nec,
1029 2890 1086 2949 nisi
1100 2891 1186 2969 ¹'per
1200 2888 1355 2966 invidiam,
1377 2888 1451 2948 adi-

396 2977 447 3038 'mi
463 2988 594 3060 poterat.
637 2975 754 3038 Eodem
779 2995 871 3052 anno,
885 2995 924 3035 ne
947 2975 1071 3056 privatis
1092 2985 1209 3036 tantum
1224 2977 1366 3057 operibns
1381 2995 1453 3036 cre-

239 3082 347 3148 captolit
404 3065 597 3142 secreturbs‚
624 3067 650 3102 ²⁴
663 3062 850 3144 Capitolium
872 3081 993 3142 quoque
1022 3083 1098 3122 saxo
1125 3062 1273 3142 quadrato
1292 3063 1451 3122 substruc-

234 3149 382 3202 Μαῖα
403 3166 470 3215 tum
494 3164 560 3215 est:
598 3171 674 3233 opus
695 3149 743 3211 vel
764 3149 797 3210 in
821 3149 879 3231 bac
901 3147 1130 3228 magnificentia
1151 3148 1233 3208 urbis
1258 3147 1452 3229 conspicien-

406 3239 490 3302 dum.

446 3323 486 3386 V.
507 3325 580 3388 Jam
603 3335 634 3386 et
656 3321 767 3387 tribuni
790 3322 898 3405 plebis,
931 3321 1054 3383 civitate
1075 3320 1256 3383 edificando
1284 3333 1446 3402 occupata,

404 3399 611 3475 ”conciones
640 3431 709 3472 suas
732 3411 924 3491 frequentare
947 3408 1063 3488 legibus
1095 3409 1222 3489 agrariis
1248 3408 1446 3469 conabantur.

405 3499 615 3560 ostentabatur
637 3497 668 3557 in
691 3517 775 3578 spem
800 3494 980 3575 Pomptinus
1002 3515 1085 3574 ager,
1108 3507 1175 3555 tum
1206 3495 1350 3576 primum,
1375 3503 1446 3576 post

235 3577 375 3696 wiopa
403 3584 520 3646 accisas
543 3603 562 3643 a
590 3582 719 3643 Camillo
733 3578 913 3642 Volscorum
935 3601 993 3656 res,
1021 3580 1220 3662 possessionis
1243 3581 1327 3642 haud
1348 3579 1447 3640 ambi-

776 3751 789 3786 ΙΙ
799 3752 903 3816 Aquilius
913 3752 988 3802 Gron.
1000 3751 1069 3802 Cres.

433 3893 458 3927 Φ
476 3889 786 3953 Vtmptaatrurapu1Tres
804 3905 818 3936 e
833 3901 906 3940 nour.
971 3891 993 3925 Β
1011 3888 1183 3954 Personas]
1201 3891 1236 3938 lta
1250 3901 1278 3938 ut
1295 3889 1378 3937 invidia
1394 3887 1452 3937 in&

401 3958 467 4008 codd.
486 3968 511 4004 ut
530 3965 556 4004 at
573 3955 619 4002 duo
635 3954 709 4004 alac.
722 3955 841 4002 Gronorio
851 3955 906 4003 alle-
939 3956 1046 4015 orireturc
1063 3959 1095 4006 ira
1113 3969 1141 4004 ut
1151 3957 1233 4004 odium
1245 3955 1322 4003 militis
1334 3955 1452 4002 entitate-

400 4025 456 4085 gari,
466 4023 570 4072 abdicant
580 4021 705 4082 dirutaque.
777 4033 783 4042 ¹
939 4022 1014 4069 turin
1026 4023 1102 4070 duces

433 4085 628 4134 *Ummium
647 4087 673 4132 s'n
694 4085 764 4132 orbas
784 4085 907 4132 racem
970 4087 994 4120 ὓ*
1027 4087 1159 4148 capturas
1181 4118 1244 4135 ....
1260 4102 1310 4134 soso
1340 4085 1450 4147 qssadmo

349 4207 353 4214 ,
397 4151 484 4214 prelii]
505 4153 683 4213 intepesceret
702 4151 815 4213 praelium,
833 4158 861 4196 ιιι
883 4150 907 4196 in
937 4153 1084 4199 ιιιὺιιηιιιιιιιι
1100 4149 1142 4212 ut]
1170 4149 1288 4200 Renovau
1304 4163 1355 4198 eunt
1373 4147 1451 4211 Capi·

400 4217 487 4275 singola
496 4231 603 4265 senarum
614 4217 721 4263 horarum
730 4215 800 4278 spatia
810 4214 907 4275 singulae
937 4218 989 4265 tolli
1006 4218 1164 4278 fundamenta,
1186 4229 1212 4264 at
1230 4233 1246 4265 e
1260 4231 1315 4264 aua
1334 4215 1451 4276 queunte

400 4281 516 4329 maso·
529 4294 605 4345 panea
620 4282 664 4329 nbi
673 4281 698 4328 ia
707 4282 786 4329 mum
796 4280 906 4328 mede·
937 4294 1035 4331 ntuetr.

401 4355 463 4392 reat.
970 4347 993 4382 ὕ
1005 4351 1019 4377 ·
1040 4347 1156 4394 &manu
1172 4360 1223 4394 uer
1231 4341 1390 4410 sequutum]
1409 4343 1452 4390 Ari

394 4427 400 4440 ·
431 4407 455 4442 Β
466 4406 481 4434 “
498 4405 587 4472 Integra
602 4411 693 4474 anper]
717 4411 819 4474 Semper
838 4424 907 4468 novo,
938 4413 1059 4460 melones
1069 4427 1121 4459 eoae
1131 4413 1278 4475 frequentem
1289 4409 1376 4457 eitiunt
1387 4409 1454 4456 aad·

398 4472 696 4590 mpmmrgpmm
707 4479 813 4537 ianm
829 4477 908 4525 husu
939 4478 1063 4527 mutim
1072 4477 1172 4527 alcen.

512 4553 576 4587 uma
