3175 5200
534 384 613 445 121ss.
623 384 677 442 vt.
697 384 781 445 ctl’.
793 382 893 445 xvu.
1191 398 1254 461 m

187 558 348 633 reserat:
371 544 457 629 cujus
483 545 631 607 leniendae
655 564 775 623 caussa,
801 545 980 627 postulante
1006 547 1101 626 nullo,
1123 548 1250 630 largitor
1262 552 1339 607 Ec·

196 634 383 717 roluntarius
399 642 524 715 repente
539 644 661 695 senatus
673 631 781 709 saenis,
807 635 835 677 ²²
845 628 999 693 Satricum
1019 635 1172 697 coloniam
1186 637 1249 698 duo
1261 620 1295 671 Α·
1304 621 1402 675 ⁰⁸⁸¹·

197 722 295 783 millia
310 721 420 782 civium
437 718 645 781 Romanorum
661 718 771 780 deduci
791 717 892 799 jussit.
917 719 993 779 bina
1011 718 1121 802 jugera
1142 734 1175 785 et
1197 744 1248 785 se-

175 866 179 879 ,
198 808 305 869 misses
321 808 384 889 agri
401 806 564 887 adsignati.
609 806 700 876 Quod
719 824 812 887 quum
828 816 861 867 et
875 825 1001 888 parvum
1017 820 1049 866 et
1070 810 1175 892 paucis
1189 810 1247 871 da-

197 906 276 972 tum,
291 906 323 956 et
338 893 509 955 mercedem
524 913 589 954 csse
604 892 753 975 prodendi
769 890 816 953 M.
829 890 940 953 Manlii
955 893 1245 975 interpretarentur3

196 981 332 1042 remedio
347 980 483 1043 irritatur
502 980 622 1041 seditio.
637 978 747 1060 etjam
763 979 861 1061 magis
880 979 1008 1060 insignis
1030 990 1084 1041 et¹
1108 982 1190 1042 sordr
1210 1002 1247 1043 us
1339 989 1346 1009 ⁸

186 1070 223 1145 ,⁷¹
230 1079 261 1128 et
283 1067 361 1129 facie
377 1088 496 1129 reorum
509 1067 597 1128 turba
606 1064 766 1133 Manliana
777 1078 854 1143 erat,
863 1078 1045 1147 amotusque
1057 1077 1128 1149 post
1138 1068 1246 1128 trium-

196 1153 292 1236 phurn
315 1154 509 1215 abdicatione
536 1153 694 1215 dictatura
721 1164 819 1214 terror
845 1163 878 1213 et
904 1151 1038 1234 linguam
1065 1164 1100 1214 et
1128 1148 1276 1219 anirnas'

196 1240 378 1303 liberaverat
393 1242 561 1302 bominum.
772 1238 774 1243 ’

239 1324 342 1387 XVll.
364 1326 574 1388 Audiebantur
596 1326 699 1407 itaque
719 1325 878 1407 propalam
892 1346 982 1387 voces
996 1327 1246 1409 exprobrantium
1258 1334 1372 1390 mesela
1383 1340 1413 1387 rt

196 1411 397 1489 multitudini,
424 1413 528 1494 ‘quod
554 1412 727 1474 defensores
754 1432 825 1473 suos
851 1432 971 1494 semper
997 1413 1028 1473 in
1058 1414 1245 1495 precipitem
1259 1402 1390 1451 multitidi-

196 1498 207 1531 ‘
223 1498 341 1560 locum·
358 1500 460 1560 favore
472 1500 571 1577 tollat,
586 1499 697 1560 deinde
714 1499 745 1560 in
761 1499 828 1580 ipso
848 1496 1022 1560 discrimine
1033 1500 1159 1581 periculi
1174 1500 1243 1562 dss-
1258 1468 1415 1585 fflffi':

194 1584 325 1673 ‘tituat
370 1582 422 1646 Sic
444 1584 498 1668 Sp.
515 1585 666 1665 Cassium,
690 1585 721 1646 in
748 1606 837 1666 agros
862 1584 984 1665 plebem
1004 1598 1176 1664 vocantem,
1200 1586 1245 1649 sic

195 1668 275 1753 ‘Sp
292 1670 440 1748 Maelium,
461 1674 500 1733 ab
512 1694 564 1734 ore
580 1673 689 1734 civium
706 1671 820 1733 famem
835 1672 898 1732 suis
912 1672 1046 1753 inpensis
1062 1673 1245 1755 propulsan-

194 1757 207 1791 ‘
221 1768 294 1835 tem,
305 1760 463 1841 obpressos
471 1781 480 1835 3
496 1760 540 1820 sic
557 1756 603 1820 M.
615 1758 778 1836 Manlium,
791 1778 920 1819 mersam
933 1770 966 1820 et
975 1760 1115 1820 obrutam
1127 1759 1245 1823 foenbre
1301 1757 1306 1767 ’

193 1843 205 1875 ‘
220 1856 340 1926 partem
352 1846 483 1907 civitatis
496 1846 526 1906 in
542 1838 715 1907 libertatem
730 1866 767 1907 ac
784 1846 883 1907 lucem
898 1846 1123 1922 extrahentem,
1140 1847 1246 1928 prodi·

193 1929 204 1963 ‘
220 1942 286 1992 tum
303 1932 446 1993 inimicis.
491 1930 638 2013 Saginare
653 1932 774 2014 plebem
786 1932 948 2016 populares
959 1952 1041 2009 suos,
1052 1944 1088 1994 ut
1099 1931 1244 2013 jugulen-

193 2016 206 2049 ‘
222 2028 282 2079 tur.
328 2016 467 2079 Hoccine
480 2020 658 2101 patiendum
674 2018 776 2096 fuisse,
792 2020 818 2079 si
830 2019 870 2080 ad
885 2030 994 2080 nutum
1009 2019 1169 2080 dictatoris
1184 2040 1248 2081 non

91 2157 93 2161 ,
192 2102 205 2135 ‘
219 2104 425 2186 responderitt
438 2106 483 2166 vir
496 2106 680 2167 consularis?
707 2104 874 2187 lingerent
884 2106 1047 2167 mentitum
1060 2116 1144 2182 aute,
1153 2117 1247 2187 atque

192 2189 289 2252 ‘ideo
305 2213 367 2252 non
389 2192 540 2270 habuisse,
563 2192 645 2274 quod
670 2204 735 2254 tum
761 2193 981 2275 responderet:
1006 2192 1056 2253 cui
1071 2212 1157 2253 servo
1178 2214 1248 2254 um·

193 2274 311 2357 ‘quam
339 2277 489 2339 mendacii
516 2299 640 2361 poenam
670 2279 792 2340 vincula
818 2278 933 2339 luisse?
964 2277 1036 2339 Non
1057 2280 1247 2341 observatam

191 2360 204 2395 ‘
218 2383 284 2425 esse
299 2364 480 2426 memoriam
495 2366 596 2427 noctis
611 2366 700 2443 illius,
727 2386 793 2446 quae
808 2386 887 2447 pene
901 2366 1011 2427 ultima
1028 2378 1121 2445 atque
1136 2377 1250 2428 aterna

192 2447 336 2511 ‘nomini
354 2448 496 2512 Romano
522 2452 638 2513 fuerit?
672 2472 734 2512 non
765 2453 899 2533 speciem
930 2452 1062 2531 agminis
1077 2448 1249 2530 Gallorum,

192 2534 273 2618 ‘per
287 2536 485 2619 ⁷⁴Tarpeiam
511 2558 619 2618 rupem
647 2537 847 2599 scandentis?
872 2558 935 2598 non
951 2537 1047 2620 ipsius
1063 2534 1110 2597 M.
1127 2536 1251 2616 Manlii,

189 2621 338 2704 ‘qualem
365 2645 435 2684 eum
463 2635 624 2699 armatum,
641 2623 767 2703 plenum
795 2624 915 2684 sudoris
937 2645 974 2684 ac
997 2625 1166 2704 sanguinis,
1181 2625 1250 2706 ipso

189 2707 294 2790 ‘pene
314 2709 391 2771 Jove
416 2719 523 2791 erepto
546 2730 585 2769 ex
608 2709 743 2769 hostium
769 2709 922 2785 manibus,
945 2708 1119 2770 vidissent?
1166 2708 1247 2771 Seli-

187 2793 316 2856 ‘brisne
341 2794 428 2856 farris
449 2795 581 2876 gratiam
608 2795 754 2856 seruatori
779 2797 885 2877 patriae
910 2795 1061 2856 relatam?
1098 2808 1131 2857 et
1154 2817 1247 2876 quern

188 2881 312 2963 ‘prope
328 2881 496 2960 coelestem,
512 2882 731 2963 ”cognomine
747 2894 831 2943 certe
848 2879 1026 2963 Capitolino
1040 2879 1112 2942 dori
1126 2903 1246 2981 parem,

187 2967 354 3045 ‘iecerint,
381 2989 451 3029 cum
478 2969 543 3050 pati
566 2969 702 3030 vinctum
730 2969 761 3029 in
792 2989 924 3046 carcere,
955 2968 987 3028 in
1014 2968 1161 3045 tenebris,
1188 2969 1245 3031 ob-

188 3051 340 3112 ‘noxiam
367 3053 518 3114 camificis
540 3055 665 3115 arbitrio
682 3054 793 3116 ducere
817 3054 978 3113 animam?
1013 3053 1102 3113 Adeo
1128 3055 1160 3114 in
1183 3074 1245 3115 uno

188 3137 357 3198 ‘omnibus
373 3139 447 3198 satis
464 3139 568 3200 auxilii
581 3140 684 3216 fuisse,
708 3141 825 3201 nullam
836 3159 928 3220 opem
944 3140 976 3198 in
992 3149 1057 3198 tam
1073 3139 1244 3200 multisoni

189 3221 322 3285 ‘esaei'
345 3222 415 3284 lam
437 3244 475 3284 ne
491 3235 583 3286 nocte
597 3227 722 3305 quidem
744 3225 834 3284 turba
849 3245 941 3285 exeo
956 3223 1026 3283 loco
1042 3223 1244 3301 dilabebatur,

189 3309 432 3390 refracturosque
455 3331 608 3373 carcerem
629 3310 844 3372 minabantur:
869 3311 964 3390 qulrm
989 3312 1015 3353 ⁷⁶
1023 3309 1163 3386 remisso,
1186 3309 1245 3370 id¹¹

190 3396 274 3476 quod
296 3397 430 3478 erepturi
457 3408 556 3473 erant,
588 3417 626 3458 ex
652 3395 920 3458 senatusconsulto
951 3394 1088 3456 Manlius
1115 3396 1243 3458 vinculis
1257 3417 1385 3471 Martisue

188 3482 346 3546 liberatur.
366 3503 428 3569 qup
457 3483 540 3543 sacto
569 3503 632 3544 non
663 3483 775 3544 seditio
802 3483 900 3562 linita,
931 3482 986 3543 sed
1013 3481 1076 3544 dux
1098 3482 1243 3546 seditioni
1255 3489 1410 3601 grtusfteeda·

220 3613 231 3666 r'
241 3644 263 3682 et
273 3635 319 3684 del.
332 3633 405 3682 Gron.
416 3633 485 3702 Cret.
566 3641 575 3666 ¹
587 3636 611 3682 in
621 3635 752 3695 precipitem
763 3593 844 3694 rolrper
855 3633 925 3680 ocum
937 3595 1003 3679 laed.
1090 3632 1244 3694 ‘responderet

186 3699 254 3750 aed.
321 3707 332 3732 ¹¹
343 3701 427 3748 rernirro
436 3715 461 3747 eo
471 3698 527 3762 quod
539 3697 605 3746 Eaed.

180 3831 184 3838 ·
218 3816 243 3854 '⁸
258 3815 380 3877 Satricum]
403 3815 459 3863 Duo
472 3814 542 3863 MSS.
555 3815 663 3871 Hearoii,
672 3826 697 3863 et
760 3816 783 3852 ⁷⁵
810 3815 942 3877 ergamine
1047 3810 1170 3872 ceptroom
1191 3809 1243 3859 Jori

186 3897 247 3930 onus
267 3898 280 3928 e
298 3882 390 3939 nostris,
409 3880 526 3928 Sarritor.-
544 3897 598 3929 eum
614 3882 697 3944 quibus
725 3895 802 3942 parem
811 3878 924 3944 jecerim]
943 3877 999 3926 Vid.
1009 3886 1059 3923 aot.
1072 3876 1189 3924 Ziadv.
1199 3876 1241 3925 31.

184 3947 301 3996 consentit
313 3945 425 4006 Velleius,
436 3945 453 3992 l·
467 3959 484 3994 Ι.
497 3960 516 3994 c.
529 3948 567 3995 14.
727 3961 803 4010 supra.

217 4012 240 4050 ⁷³
254 4011 459 4075 definiremus]
472 4009 502 4058 Et
514 4013 595 4059 habitu
607 4022 698 4068 moesto,
760 4011 783 4048 ⁷⁶
803 4009 898 4058 Remitto
919 4024 944 4056 eo
963 4008 1021 4070 maed
1041 4006 1141 4067 erepturi
1162 4001 1238 4065 arnt]

180 4077 307 4136 motato,
323 4076 435 4139 squalido,
453 4077 526 4140 qualis
541 4093 695 4126 reorumeere
728 4075 777 4126 ldie
804 4077 889 4125 soloeca
911 4083 961 4121 erat
982 4071 1074 4120 oratio:
1105 4071 1192 4117 remim
1216 4070 1241 4116 id

183 4143 279 4192 solebat.
306 4143 479 4190 'Livioriotra
493 4145 600 4193 vunssl.
613 4144 695 4192 eodem
726 4145 791 4206 quod.
824 4142 956 4202 Campanus
974 4149 999 4185 et
1017 4151 1080 4185 unm
1096 4149 1126 4183 ex
1140 4133 1240 4182 Henna

183 4221 253 4256 sensu
279 4209 404 4272 eademque
432 4209 504 4258 forma
534 4207 592 4256 dixit
627 4211 695 4272 meeis
724 4209 790 4256 codd.
811 4221 836 4257 ee
858 4221 918 4254 unus
939 4204 1019 4251 niden
1046 4215 1061 4249 e
1086 4212 1172 4248 namra
1197 4213 1241 4262 pro

185 4287 281 4323 “mm-
723 4273 896 4322 vadaleetiooe
912 4271 998 4317 habeat
1015 4269 1101 4316 mim
1118 4281 1150 4315 ao.
1183 4264 1241 4324 Duo

217 4337 241 4374 ⁷⁴
263 4337 377 4400 Tarpeiam
396 4337 485 4406 rupem]
512 4337 600 4388 Sexum
624 4339 693 4404 Cepi·
726 4353 803 4403 neque
821 4341 855 4388 id.
875 4351 953 4400 neque
969 4351 1001 4392 w.
1018 4343 1161 4394 mi
1178 4330 1240 4395 Μ

184 4399 253 4449 tolini
275 4405 367 4461 montis,
390 4405 427 4452 eui
454 4419 539 4454 nornen
562 4406 694 4464 a‘l’arpeia
724 4420 820 4469 pernae
837 4405 893 4452 lieet
912 4401 1065 4466 amplectaris,
1077 4399 1184 4462 lemn
1200 4410 1240 4444 w·

184 4465 285 4581 grstia
297 4483 356 4582 tp:
376 4469 407 4517 ibi
429 4471 517 4535 sepulta
539 4483 598 4524 eret.
639 4471 694 4521 Vid.
724 4472 861 4535 nicomed.
