3175 5200
536 355 614 418 ms.
626 354 679 417 vr.
700 354 782 417 cnr.
795 352 908 417 xxvr.
1184 357 1244 427 sn

104 500 107 506 ¹
201 528 258 597 ret,
285 535 375 599 quem
394 514 496 593 vellet,
521 524 629 577 eontra
651 532 736 596 spem
756 512 894 575 omnium
919 508 954 574 Is
969 510 1092 577 Furium
1113 511 1240 595 optavit.
1254 496 1397 552 ΜΨ·

201 624 262 687 qua
294 602 502 667 moderatione
534 601 628 663 animi
659 620 752 681 quum
782 599 907 680 collegae
935 599 1046 661 levavit
1070 599 1239 679 infamiam,
1438 656 1441 664 ,

200 704 266 753 tum
291 692 347 753 sibi
372 689 500 771 gloriam
526 688 681 769 ingentem
703 687 833 769 peperit.
876 682 943 747 Nec
959 685 1018 749 tirit
1031 707 1100 748 cum
1118 685 1238 749 Tuscu·
1250 678 1392 757 ΠΜ·-

200 778 277 839 lanis
308 776 441 839 bellum=
479 794 555 857 pace
585 773 738 835 constanti
768 771 830 833 rim
860 770 1033 834 Romanam
1066 759 1364 858 assummum

1251 564 1283 611 A.
1293 561 1322 611 C.
1332 565 1390 615 378.

202 884 292 945 quam
307 864 398 925 armis
413 882 475 925 non
497 871 649 942 poterant.
694 856 882 921 Intrantibus
900 859 977 940 lines
997 858 1155 940 Romanis,
1176 882 1240 923 non
1251 876 1368 939 mar...

200 950 401 1032 demigratum
422 969 461 1010 ex
481 946 658 1031 propinquis
680 945 830 1007 itineris¹¹²
853 945 939 1023 locis,
959 967 1022 1008 non
1038 945 1135 1008 culmo
1149 968 1239 1027 agro·
1252 952 1310 989 Μ

199 1056 265 1097 rum
296 1036 503 1097 intermissus:
540 1033 717 1116 patentibus
743 1031 839 1113 portis
867 1033 961 1111 urbis,
990 1033 1090 1114 mgati
1120 1034 1241 1096 obviam

199 1122 371 1202 frequentes
391 1120 623 1203 imperatoribus
653 1136 849 1200 processere:
878 1132 1068 1182 commeatus
1093 1120 1240 1183 exercibsi

199 1209 326 1271 comiter
351 1209 383 1270 in
403 1218 504 1269 castra
526 1227 565 1268 ex
585 1206 659 1269 urbe
674 1214 706 1267 et
719 1226 758 1267 cx
773 1205 853 1287 agris
869 1204 1040 1269 devehitur.
1084 1204 1241 1285 Camillus,

198 1294 305 1357 castris
331 1304 402 1355 ante
428 1304 534 1375 portas
557 1292 676 1374 positis,
704 1291 852 1353 eademne
876 1291 975 1354 forma
1000 1292 1097 1374 pacis,
1121 1313 1187 1373 qua
1209 1294 1241 1355 in

201 1381 282 1461 agris
296 1390 508 1458 ostentaretur,
532 1380 625 1441 etiam
646 1378 726 1440 intra
745 1378 860 1440 moenia
881 1391 971 1455 esset,
995 1378 1073 1440 scire
1095 1380 1240 1461 cupiens3

198 1466 350 1547 ingressus
376 1467 492 1543 urbem,
517 1465 568 1527 ubi
595 1474 735 1547 patentes
761 1462 884 1545 januas,
909 1476 942 1527 et
969 1465 1102 1526 tabernis
1127 1466 1240 1547 apertis

196 1552 356 1633 proposita
378 1552 483 1614 omnia
511 1550 542 1611 in
570 1551 672 1612 medio
698 1549 787 1626 vidit,
813 1551 1009 1630 intentosque
1032 1550 1159 1631 opifices
1184 1572 1241 1613 ano

199 1658 349 1719 quemque
365 1638 462 1718 operi,
477 1648 509 1699 et
522 1636 611 1699 ludos
626 1636 782 1697 literarum
805 1646 942 1716 strepere
956 1635 1140 1697 ducentium
1155 1637 1239 1699 voci-

197 1724 262 1802 bus,
287 1743 323 1785 sc
350 1724 482 1804 repletas
507 1722 643 1801 semitas,
669 1722 749 1782 inter
769 1720 876 1803 mdgus
903 1720 996 1799 aliud,
1023 1741 1187 1803 puerorum
1208 1732 1241 1783 et

195 1808 355 1885 mulierum
383 1809 442 1870 huc
467 1818 559 1889 atquc
583 1808 653 1871 illuc
678 1807 827 1886 euntium,
853 1827 914 1888 qna
940 1827 1091 1887 quemque
1113 1828 1240 1870 suorum

196 1914 304 1956 usuum
328 1914 441 1957 caussas
465 1894 601 1957 ferrent:
629 1893 704 1957 nihil
733 1914 874 1975 usquam,
899 1914 963 1955 non
986 1894 1103 1975 pavidis
1132 1894 1240 1971 modo,

195 1981 310 2043 sedne
334 1980 514 2043 mirantibus
540 1980 665 2062 quidem
694 1980 813 2055 simile3
837 1979 1104 2061 circumspiciebat
1125 1980 1240 2057 omnia,

93 2103 95 2107 ι
196 2067 349 2147 inquirens
365 2067 472 2145 oculis,
487 2067 611 2128 ubinam
631 2064 745 2128 bellum
769 2066 887 2127 luisset.
910 2065 988 2127 adeo
1012 2069 1037 2103 ¹¹
1050 2084 1108 2125 nec
1130 2076 1240 2127 amota

195 2152 240 2213 rei
263 2172 402 2235 usquam,
425 2172 482 2214 nec
507 2153 616 2214 oblata
640 2152 681 2213 sd
707 2162 828 2232 tempus
849 2150 1012 2230 vestigium
1036 2150 1132 2211 ullum
1152 2162 1238 2213 erat:

196 2238 250 2299 sed
265 2238 308 2299 ita
333 2242 359 2277 ¹¹
369 2238 474 2300 omnia
488 2238 641 2300 constanti
651 2248 665 2277 ¹¹
690 2236 855 2317 tranquilla
877 2256 965 2318 pace,
987 2247 1076 2297 uteo
1088 2237 1141 2299 vix
1156 2236 1240 2299 lama

195 2322 266 2385 belli
283 2324 403 2404 perlata
416 2323 511 2384 videri
527 2332 640 2405 posset.

238 2406 354 2471 XXVI.
378 2406 484 2471 Victus
509 2410 602 2491 igitur
624 2408 773 2491 patientia
799 2407 943 2487 hostium,
969 2421 1109 2472 senatum
1132 2426 1238 2472 eorum

194 2496 295 2556 vocari
307 2495 408 2577 jussit.
430 2496 442 2528 ‘
457 2493 521 2557 Soli
537 2493 658 2572 adbuc‚'
674 2495 785 2575 inquit,
800 2493 1075 2573 ‘Tasculani,vera
1088 2515 1174 2557 arma
1184 2516 1237 2557 ve-

195 2579 206 2613 ‘
220 2602 328 2664 resque
343 2581 547 2663 vires,quibus
562 2581 601 2643 ab
613 2581 658 2644 ira
665 2579 875 2644 Romanorum
883 2592 982 2644 vestm
994 2583 1180 2661 tutaremini,
1189 2582 1237 2645 in·

194 2667 205 2699 ‘
218 2669 353 2730 venistis.
368 2668 411 2730 ite
426 2667 558 2730 Romam
573 2667 613 2728 'ad
625 2679 774 2731 senatum.
789 2669 983 2731 aestimabunt
998 2667 1113 2746 Patres,
1135 2681 1238 2731 utrum

193 2751 287 2835 ‘plus
302 2764 373 2815 ante
388 2773 496 2835 poenae,
507 2774 546 2814 an
562 2774 642 2814 nunc
653 2755 748 2815 venia
762 2755 864 2817 meriti
878 2754 954 2817 sitis.
964 2757 1054 2816 ¹³non
1066 2755 1238 2838 precipiam

192 2837 203 2871 ‘
217 2839 348 2920 gratiam
363 2839 478 2922 publici
493 2839 643 2902 beneficii.
656 2839 840 2922 deprecandi
854 2851 1042 2923 potestatem
1065 2862 1085 2902 a
1110 2863 1161 2904 me
1181 2843 1238 2904 ba·

191 2924 359 3003 ‘bueritis3
380 2927 520 3008 precibus
535 2938 677 2988 eventurn
692 2926 800 2988 vestris
815 2939 949 3006 senatus,
959 2948 1052 3010 quem
1073 2928 1235 3008 videbitur,

193 3008 325 3072 ‘dabit'
370 3009 534 3092 Postquam
550 3010 682 3073 Romam
695 3011 862 3074 Tusculani
881 3026 1041 3090 venenant,
1055 3026 1238 3095 senatusque

192 3094 295 3176 paullo
310 3107 382 3156 ante
397 3096 534 3158 fidelium
549 3098 701 3158 sociorum
716 3109 843 3159 moestus
859 3099 889 3159 in
904 3100 1054 3160 vestibulo
1080 3099 1169 3159 curia
1190 3111 1239 3163 est

194 3191 386 3262 conspectus,
396 3183 472 3242 moti
484 3182 638 3263 extemplo
649 3181 762 3261 Patres,
773 3184 875 3244 vocari
888 3205 940 3244 eos
948 3182 1014 3263 jam
1026 3195 1093 3244 tum
1101 3185 1239 3264 hospita-

193 3265 262 3326 liter
279 3266 387 3346 magis,
402 3285 493 3347 qnam
518 3267 680 3343 hostiliter,
700 3265 829 3347 jussere.
884 3266 1027 3329 Dictator
1047 3266 1239 3331 'Ibsculanus

193 3351 336 3413 itaverba
347 3351 434 3412 fecit:
458 3352 469 3385 ‘
484 3350 602 3421 Quibus
612 3351 726 3413 bellum
738 3352 900 3431 indixistis,
909 3353 1125 3433 intulistisque,
1134 3352 1239 3417 Patres

192 3437 204 3470 ‘
218 3437 395 3519 conscripti,
410 3438 489 3499 sicut
503 3455 584 3500 nunc
599 3437 708 3514 ridetis
729 3459 785 3500 nos
806 3440 970 3502 stantes'in
984 3439 1134 3501 vestibulo
1148 3441 1240 3504 curia

192 3523 331 3601 ‘vestran
353 3524 397 3585 ita
411 3525 521 3584 armati
536 3525 694 3605 paratique
707 3525 828 3586 obviam
850 3526 1085 3609 imperatoribus
1109 3525 1238 3607 legioni-

191 3607 333 3689 ‘busque
347 3610 454 3670 vestris
469 3611 680 3692 processimus.
725 3609 786 3672 Hic
806 3623 920 3690 noster,
944 3612 994 3673 hic
1010 3612 1107 3694 plebis
1127 3624 1240 3676 nostrae

191 3694 338 3756 ‘habitus
353 3695 422 3771 fuit,
438 3695 554 3776 eritque
571 3717 701 3780 semper,
716 3698 775 3758 nisi
790 3699 816 3758 si
832 3697 954 3780 quando
970 3719 990 3761 a
1003 3699 1099 3776 vobis,
1121 3719 1239 3781 proque

191 3779 202 3813 ‘
216 3780 311 3860 vobis,
327 3801 412 3843 anna
423 3783 641 3864 acceperimus.
678 3781 800 3845 Gratias
811 3785 930 3865 agimm
941 3797 975 3846 et
989 3784 1118 3845 ducibus
1132 3786 1239 3846 vestris

191 3866 203 3900 ‘
217 3876 250 3929 et
258 3867 451 3944 exercitibus,
462 3869 545 3949 quod
556 3869 652 3930 oculis
662 3870 770 3952 magis,
782 3889 874 3952 quam
884 3871 1017 3948 auribus,
1026 3869 1241 3954 credidenmtg

386 3999 489 4048 'dinen'
500 3999 573 4048 Gron.
585 3999 655 4049 Cres.
836 4009 969 4052 'mannate
978 4001 1043 4052 aar.

223 4101 416 4153 ¹¹‘Necmtc
432 4106 466 4152 rei
479 4105 582 4169 uquam]
597 4105 697 4155 Nullam
729 4107 815 4156 Omnia
838 4119 906 4157 erant
928 4106 1060 4170 maquilia,
1085 4121 1165 4170 pacem
1182 4123 1238 4156 eoa-

188 4183 284 4233 usqusm
303 4181 354 4218 erst
371 4170 491 4231 vestigium
507 4172 543 4219 rei
561 4173 697 4236 cujusquam
728 4185 817 4232 stanter
832 4184 859 4222 et
874 4174 1007 4222 omnimode
1017 4173 1134 4223 conatu
1143 4173 1236 4223 Tuscu·

188 4247 228 4282 sut
249 4246 344 4292 emme,
363 4245 421 4282 ute
446 4235 548 4299 periculo
570 4237 698 4298 ingruentis
729 4238 795 4289 lasis.
920 4277 924 4288 ,

188 4298 310 4349 bellisma
327 4311 493 4364 prementum
515 4311 555 4350 aut
572 4303 655 4350 ntae·
671 4315 696 4350 et
763 4305 783 4338 ¹³
808 4301 861 4351 Non
887 4301 1024 4369 promptam]
1054 4303 1110 4351 Noa
1134 4319 1235 4368 preem-

187 4363 458 4430 inuediumpromptn,
475 4377 502 4416 nt
519 4367 547 4414 sd
564 4366 695 4432 propnhn-
727 4384 779 4432 pera
804 4368 927 4432 quidquam
954 4385 969 4418 s
992 4369 1064 4430 gratia
1086 4372 1137 4432 ejus
1161 4370 1233 4418 bne

188 4428 244 4477 dum
255 4428 343 4478 uuum
356 4431 488 4480 amicust.
726 4433 780 4494 ficii.
803 4434 865 4498 qnod
883 4445 960 4487 totum
979 4449 1020 4486 rte
1041 4435 1132 4488 temtari
1149 4435 1234 4488 doben

221 4493 245 4561 {t
262 4491 343 4548 Oui·
363 4502 472 4551 maso
491 4498 612 4565 namn
627 4496 692 4568 rw]
726 4498 803 4555 best·
