3175 5200
431 415 434 426 ¹
492 429 571 490 Llli.
582 427 649 489 vn.
669 425 750 490 CAP.
764 427 908 492 XXXIV.
1169 437 1228 494 485

170 575 301 642 siluisset
315 601 353 644 ex
364 603 454 666 equo,
476 578 671 666 ‘Nostrum’
695 587 806 670 inquit,
824 586 837 620 ‘
850 581 987 672 peditum
1001 577 1086 666 illud,
1100 587 1224 672 milites,
1238 576 1308 650 tte.
1320 576 1386 655 tta¹

169 661 180 696 ‘
196 679 243 727 est
258 689 342 752 opus.
357 667 523 754 agitedum,
539 683 573 736 ut
588 693 637 734 mc
652 673 802 754 videritis,
817 693 1005 756 quacumque
1024 673 1175 737 incessero
1190 677 1223 743 in
1235 663 1266 712 Α·
1279 663 1308 714 ⁰·
1319 665 1376 714 ³⁴⁰·

168 747 180 781 ‘
192 753 289 815 aciem
301 755 444 836 hostium,
455 757 534 820 ferro
545 760 625 820 viam
638 757 815 837 facientem,
821 759 866 824 sic
874 781 931 844 pro
941 782 972 822 se
982 761 1106 844 quisque
1118 761 1223 840 obvios

168 836 329 904 ‘stemite
374 841 431 905 Illa
448 846 561 923 omnia,
578 865 638 926 qua
658 867 740 907 nunc
757 858 865 908 erectae
881 846 997 909 micant
1012 849 1117 926 hastae,
1133 863 1221 932 pate·
1290 907 1297 920 ,

166 921 178 955 ‘
193 921 276 989 lecta
286 939 386 1012 strage
397 943 484 992 vasta
493 927 646 996 cernetis.'
669 930 843 994 Haec'dicta
852 931 989 1010 dederat,
1001 953 1093 1018 quum
1106 935 1221 1018 equites

166 1014 298 1075 consulis
320 1014 407 1100 jussu
428 1017 600 1080 discurrunt
626 1015 659 1078 in
683 1037 809 1097 cornua,
835 1017 1004 1100 legionibus
1031 1021 1060 1080 in
1087 1019 1221 1091 mediam

166 1097 263 1161 aciem
275 1104 416 1186 aperiunt
430 1103 520 1167 viam.
548 1101 665 1172 Primus
680 1103 936 1175 omniumconsul
952 1104 1069 1168 invadit
1080 1105 1221 1188 hostcm3

164 1195 206 1262 et,
218 1207 287 1248 cum
301 1209 361 1272 quo
373 1189 452 1253 forte
468 1191 598 1254 contulit
609 1190 751 1274 gradum,
763 1191 935 1252 obtruncat.
962 1187 1032 1252 Hoc
1044 1196 1221 1274 spectaculo

164 1273 192 1310 ⁶⁵
203 1277 323 1338 accensi
351 1277 462 1339 dextra
488 1277 630 1362 lamque,
658 1289 730 1340 ante
759 1300 792 1340 se
819 1278 956 1378 quisque,
987 1280 1219 1343 memorandum

164 1359 445 1439 proeliumcient.1'
489 1361 581 1428 Stant
608 1365 706 1427 obnisi
732 1361 897 1445 Samnites,
923 1383 1106 1448 quamquam
1132 1365 1220 1451 plura

164 1447 328 1531 accipiunt,
354 1471 446 1537 quam
469 1451 612 1531 inferunt,
635 1451 768 1514 mulnera.
812 1449 1085 1597 Aliquamdiup'pm
1100 1471 1219 1537 pugna-

163 1539 229 1594 tum
245 1546 332 1597 erat:
357 1550 445 1600 atrox
461 1539 558 1602 caedes
574 1539 656 1600 circa
679 1538 767 1620 signa
789 1533 986 1616 Samnitium,
1039 1557 1080 1618 ga
1094 1539 1133 1597 ab
1149 1539 1218 1599 nul-

162 1615 266 1681 ladum
291 1635 379 1706 parte
404 1637 479 1687 erat.
505 1625 581 1688 adeo
596 1635 694 1688 morte
717 1625 783 1686 sola
802 1623 882 1685 vinci
908 1621 1136 1685 destinaverant
1149 1625 1217 1684 ani-

162 1704 231 1767 mis.
274 1705 380 1794 ltaque
400 1707 543 1790 Romani,
568 1731 659 1795 quum
676 1713 742 1772 “et
756 1709 848 1771 fluere
865 1707 933 1791 jam
948 1709 1127 1772 lassitudine
1139 1708 1216 1771 vires

161 1792 318 1874 sentirent,
340 1808 371 1858 et
393 1797 452 1858 diei
474 1797 556 1859 haud
571 1796 700 1859 multum
717 1805 919 1879 superessem,
939 1795 1059 1858 accensi
1079 1796 1126 1857 ira
1140 1817 1215 1859 con-

161 1873 259 1941 citant
275 1903 307 1942 se
323 1881 353 1944 in
371 1883 501 1946 hostem.
544 1882 625 1947 'I'um
651 1885 783 1968 primum
808 1882 911 1944 referri
926 1883 1037 1966 pedem
1060 1894 1151 1962 alque
1167 1883 1214 1943 5¹¹·
1227 1881 1374 1996 mi„

160 1961 264 2028 clinari
290 1989 354 2030 rem
378 1969 410 2031 in
436 1971 540 2054 fugam
566 1972 707 2054 adparuit
713 1993 725 2050 3
759 1981 825 2031 tum
853 1969 934 2052 capi,
958 1967 1056 2037 ⁰⁰⁰5*st
1082 1966 1359 2078 &misenum

159 2070 215 2112 nee
230 2056 450 2137 superfuissent
473 2057 572 2136 multi,
591 2057 623 2120 ni
643 2079 706 2120 nox
719 2056 880 2119 victoriam
895 2056 1004 2137 magis,
1024 2075 1116 2136 quam
1130 2074 1213 2136 proe-

138 2135 244 2217 lium,
269 2139 449 2205 diremisset.
493 2143 535 2205 Et
561 2141 691 2205 Romani
722 2141 907 2220 fatebantur,
944 2161 1111 2222 numquam
1143 2161 1213 2207 cum

160 2225 360 2304 pertinaciore
376 2229 465 2292 hoste
481 2229 656 2292 conflictum
668 2253 677 2291 ι
694 2241 726 2291 et
738 2225 904 2306 Samnites,
916 2247 1009 2308 quum
1021 2239 1213 2311 quaereretur,

160 2329 296 2392 quaenam
320 2315 419 2396 prima
441 2335 548 2378 caussa
570 2328 634 2378 tam
659 2317 830 2378 obstinatos
852 2315 997 2376 movisset
1026 2312 1058 2374 in
1083 2312 1210 2396 fugam?
1269 2329 1272 2337 ’

159 2396 288 2462 ‘oculos
304 2401 361 2463 sibi
382 2399 591 2466 Romanorum
614 2401 720 2466 ardere
735 2399 837 2481 visos,’
853 2397 986 2481 aiebant,
1001 2401 1012 2433 ‘
1027 2420 1212 2482 vesanosque

157 2483 168 2515 ‘
182 2484 281 2547 vultus
293 2498 324 2549 ct
334 2488 465 2551 furentia
475 2512 548 2552 ora:
573 2489 643 2554 inde
661 2489 740 2574 plus,
753 2509 844 2572 quam
859 2508 899 2550 ex
913 2487 973 2549 alia
986 2487 1049 2548 ulla
1059 2507 1101 2567 re,
1114 2499 1212 2551 terro-

158 2567 223 2633 ‘ris
239 2574 363 2637 ortum.'
386 2597 476 2659 quem
501 2587 646 2640 terrorem
673 2597 736 2639 non
758 2597 868 2663 pugnae
891 2574 989 2637 solum
1013 2585 1133 2656 eventu,
1157 2573 1212 2635 sed

86 2706 93 2715 .
157 2671 305 2723 nocturna
323 2663 521 2745 proiectione,
536 2664 763 2727 confessisunt.
810 2662 933 2724 Postero
955 2662 1004 2724 die
1018 2662 1121 2722 vacuis
1137 2660 1210 2721 hos·-

155 2746 231 2807 tium
256 2748 362 2810 castris
387 2748 544 2815 Romanus
567 2752 705 2835 potitur:
730 2772 789 2835 quo
810 2772 842 2812 se
862 2748 961 2811 omnis
982 2743 1209 2830 Campanorum

156 2832 318 2897 multitudo
334 2838 557 2919 gratulabunda
572 2837 688 2901 effudit.
1383 2882 1389 2905 .

197 2918 346 2984 XXXIV.
375 2922 519 2986 Ceterum
545 2926 604 2987 lroc
634 2924 780 3007 gaudium
805 2944 918 3006 magna
941 2940 1037 3005 prope
1063 2919 1150 2982 clade
1176 2919 1208 2981 in
1221 2919 1333 2997 amoti·

156 3000 281 3069 Samnio
305 3008 453 3071 foedatum
478 3022 534 3072 est.
560 3032 632 3073 nam
656 3012 695 3072 ab
721 3008 859 3073 Saticula
878 3008 1033 3092 proiectus
1047 2987 1365 3115 Corneliusfflss·

156 3092 259 3152 consul
289 3096 457 3158 exercitum
493 3098 614 3158 incaute
644 3096 676 3157 in
702 3098 826 3174 saltum,
857 3114 931 3156 cava
955 3092 1033 3153 valle
1061 3094 1208 3174 pervium,
1218 3117 1325 3165 reulum

154 3176 292 3261 circaque
309 3180 455 3243 insessum
479 3184 518 3245 ab
539 3184 638 3262 hoste,
659 3182 797 3244 induxit:
821 3202 877 3243 nec
893 3179 986 3263 prius,
1007 3198 1098 3260 quam
1113 3178 1206 3261 recipi

155 3273 222 3325 tuto
245 3266 332 3347 signa
358 3289 419 3329 non
445 3280 598 3353 poterant,
626 3270 827 3331 inminentem
853 3265 948 3348 capiti
972 3266 1094 3326 hostem
1119 3263 1210 3341 vidit.

154 3352 179 3394 ⁵⁷
185 3346 268 3413 Dum
295 3352 326 3414 id
352 3375 445 3416 morae
469 3352 655 3417 Samnitibus
675 3368 732 3435 est,
754 3354 858 3437 quoad
872 3364 971 3415 totum
987 3352 1018 3412 in
1033 3351 1143 3413 s'allem
1158 3352 1205 3411 in-

154 3434 256 3499 fimam
285 3438 540 3505 ⁵⁸demitterent‘
568 3462 690 3525 agmen,
713 3440 748 3504 P.
768 3440 883 3504 Decius
909 3439 1048 3502 tribunus
1074 3437 1210 3515 militum

154 3525 301 3608 conspicit
321 3547 416 3589 arnum
430 3528 546 3591 editum
562 3530 593 3591 in
609 3530 690 3591 saltu
711 3530 834 3608 collem,
854 3526 1055 3589 inminentem
1070 3526 1205 3587 hostium

153 3612 270 3691 cestris,
291 3612 376 3675 aditu
398 3614 524 3677 arduum
546 3614 684 3699 inpedito
706 3616 833 3701 agmini,
849 3613 1000 3700 expeditis
1019 3612 1104 3673 haud
1126 3611 1204 3679 diffi-

152 3697 251 3761 cilem.
296 3698 404 3785 ltaque
417 3700 534 3765 consuli
546 3704 651 3766 territo
660 3704 768 3783 animi,
783 3700 939 3765 ‘Videsne
951 3696 1007 3777 tu‚'
1019 3699 1131 3781 inquit,
1144 3698 1155 3730 ‘
1166 3697 1206 3759 A.

144 3816 155 3835 ²
181 3866 414 3935 ¹‘cietGrornCrcn
489 3878 624 3933 arriperem
635 3868 701 3920 Eteri.
785 3832 1172 3927 ‘dmumecmdtomltup

181 3989 203 4022 ⁵⁵
218 3990 324 4041 aaut,
337 4028 343 4042 .
355 4028 362 4043 .
372 3995 461 4057 quisque
470 4024 495 4040 ..
506 4028 513 4042 .
524 3992 578 4057 ciet]
599 3994 655 4044 Me·
689 3992 860 4042 caenantibus
870 3988 1023 4045 Samnitibus,
1035 3998 1060 4036 et
1070 3994 1203 4050 exspectan·

150 4053 273 4105 illuuiem.-
289 4058 349 4119 quod
365 4058 459 4121 praeiere
476 4058 615 4122 Campanus,
629 4072 655 4109 et
690 4060 751 4107 tibus
772 4058 829 4108 dum
852 4057 934 4107 meu
954 4065 1031 4102 totum
1054 4065 1136 4127 agmen
1155 4049 1202 4125 ⁸‹le-

152 4134 240 4169 oauee
261 4124 344 4171 nonne
360 4124 427 4173 codd.
461 4122 500 4173 Sic
517 4138 599 4187 suprar
614 4141 656 4187 pn
692 4124 793 4175 misiae
812 4125 837 4171 iu
854 4123 947 4178 vanem,
965 4120 1005 4170 ubi
1022 4134 1077 4167 eam
1093 4114 1203 4167 facillume

150 4198 170 4231 ³⁶
186 4186 275 4249 quim
296 4191 367 4241 &viar
393 4190 489 4247 mae,
507 4204 555 4238 nou
579 4199 659 4249 rurae,
692 4186 1028 4255 oppreuuriribividebautur.
1115 4247 1121 4260 .

149 4261 293 4301 neumae.
726 4255 748 4289 ⁵⁸
775 4252 917 4317 Doaitteret]
964 4248 1033 4308 Hauc
1067 4246 1200 4303 lennem.

180 4312 202 4349 ω
224 4315 255 4363 Β
275 4317 361 4380 flam]
392 4320 487 4382 Septem
515 4318 656 4369 ῦιοιιοιίιιιί
693 4336 746 4383 quw
770 4319 894 4382 priscorum
919 4317 1034 4365 editorum
1060 4324 1106 4370 eet,
1129 4323 1199 4360 tuen·

151 4376 220 4427 MSS·
241 4382 341 4445 quturpre
365 4399 379 4431 e
408 4385 501 4449 ιιαιιίι,
531 4385 574 4435 hoc
595 4388 656 4449 quod
691 4398 732 4433 rur
753 4399 795 4433 sex
810 4384 878 4433 codd.
899 4381 981 4432 meri.
1014 4376 1198 4427 Grouwiusde·

149 4444 259 4495 edidimus
273 4446 372 4497 lituum.
403 4451 467 4499 Ediri
485 4450 553 4513 vulgo
568 4450 655 4501 habent
690 4452 757 4499 derat
780 4450 929 4510 donem,
955 4457 981 4495 et
1002 4440 1199 4496 mileum&

149 4506 397 4627 efflyrprssqucdipriuus
406 4515 545 4593 plicatam.
638 4580 652 4646 ]
690 4514 850 4591 Samnitibpe3
876 4513 938 4577 quod
959 4511 1069 4561 miramur
1088 4508 1201 4562 undu·

243 4592 280 4625 um
362 4593 425 4628 mort
452 4578 583 4633 &mandra
609 4592 639 4632 at
689 4594 847 4633 ammom.

718 4648 795 4725 aia
