3175 5200
362 374 403 430 ro
784 372 871 438 ΤΙΤΙ
889 371 989 443 tlvu

362 547 373 582 ‘
388 541 420 614 Si
431 573 488 634 ego
494 544 604 636 injuste
614 541 754 636 inpieque
763 549 831 612 illos
844 549 982 612 homines
994 537 1119 631 illasque
1130 565 1177 611 res
1185 539 1289 614 dedier
1299 545 1413 620 nuncin

362 634 372 666 ‘
386 640 490 722 populi
497 637 628 702 Romani
640 634 716 716 milri
722 659 864 720 exposco,
871 641 965 700 tum³⁴
971 637 1077 720 patriae
1083 649 1257 720 compotem
1264 657 1313 702 me
1321 661 1412 705 num·

360 721 372 753 ‘
387 747 477 806 quam
488 725 554 787 siris
566 723 580 764 ⁴¹
592 719 677 794 csse.’
722 723 808 804 Haec,
824 739 916 804 quum
928 722 1002 784 fines
1017 715 1239 806 suprascandit‚
1254 721 1328 806 hese,
1342 732 1411 810 qul·

362 831 489 895 cumque
519 811 547 874 ei
575 807 692 898 primus
721 812 766 872 vir
802 811 905 871 obvius
935 810 1036 889 firerit,
1060 811 1135 889 lraee,
1156 823 1278 894 portam
1309 812 1409 898 ingre·

360 894 456 977 diens,
472 899 546 977 hrec,
571 897 669 960 fonrm
700 894 861 980 ingressus,
885 896 989 979 paucis
1013 896 1112 960 verbis
1137 899 1280 961 carminis
1303 904 1409 965 conci-

358 979 520 1068 piendique
545 982 741 1066 jurisjurandi
768 983 905 1062 mutatis,
931 984 1060 1066 peragit.
1082 980 1125 1046 ‘si
1155 1005 1228 1047 non.
1244 986 1407 1069 deduntur,

361 1091 434 1151 quos
449 1071 599 1155 exposcit,
623 1071 728 1132 diebus
744 1069 840 1132 tribus
856 1080 888 1132 et
903 1071 1031 1152 triginta
1044 1069 1132 1151 (⁴⁴tot
1149 1073 1228 1132 enim
1244 1072 1406 1138 sollemnes

358 1155 440 1238 sunt)
454 1157 595 1242 peractis,
605 1153 720 1219 bellum
735 1157 780 1219 ita
791 1150 919 1218 indicit:
939 1156 949 1188 ‘
964 1155 1056 1236 Audi,
1070 1155 1199 1240 Jupiter,
1210 1159 1242 1221 et
1256 1171 1300 1239 tu,
1311 1160 1404 1241 Juno,

357 1242 368 1274 ‘
382 1241 518 1322 Quirine,
527 1238 638 1326 Diique
650 1264 754 1305 omnes
766 1243 916 1321 coelestes,
926 1263 1039 1323 vosque
1054 1250 1221 1323 terrestres,
1233 1258 1345 1329 vosque
1357 1249 1404 1311 iu-

356 1320 367 1360 l
381 1329 468 1410 ferni,
484 1329 598 1392 audite.
627 1324 694 1412 Ego
708 1351 762 1392 vos
772 1339 878 1407 testor,
889 1329 1035 1412 populum
1046 1327 1131 1390 illum
1145 1329 1336 1417 lquicumque
1346 1345 1403 1414 est,

353 1404 532 1498 ⁴n0minat)
560 1414 704 1498 injustum
734 1437 810 1496 esse,
836 1437 935 1498 neque
941 1414 992 1496 jus
1007 1416 1187 1498 persolvere.
1210 1415 1271 1480 Sed
1288 1419 1403 1483 delatis

354 1503 365 1578 ἶ
379 1503 466 1565 rebus
482 1503 513 1565 in
529 1502 629 1586 patria
642 1501 771 1585 majores
787 1514 862 1564 natu
877 1502 1079 1580 consulemus,
1102 1513 1161 1583 quo
1180 1501 1332 1586 pactojus
1345 1523 1403 1568 no-

354 1589 475 1653 ‘strum
486 1587 708 1672 adipiscamur!
717 1591 741 1627 ⁴¹
751 1587 829 1650 Cum
844 1584 891 1649 his
906 1589 1033 1650 nuncius
1044 1587 1178 1649 Romam
1188 1591 1228 1651 ad
1243 1591 1403 1654 consulen-

354 1675 426 1738 dum
439 1665 526 1738 redit.
558 1671 725 1738 Confestim
737 1696 791 1736 rex
803 1675 850 1736 his
859 1674 953 1736 ferme
967 1673 1065 1736 verbis
1075 1671 1185 1757 ¹Patres
1200 1677 1379 1741 consulebat
1392 1696 1400 1741 t

352 1761 379 1800 ⁴⁴
391 1759 541 1844 ‘Quarum
550 1761 776 1839 remm,litium,
783 1782 956 1822 eamsamm
962 1758 1098 1824 condixit
1106 1771 1195 1844 pater
1200 1774 1339 1844 patratus
1343 1787 1402 1847 po-

352 1839 364 1928 l
378 1847 440 1931 puli
448 1845 579 1912 Romani
586 1845 750 1920 Quiritium
759 1848 840 1930 patri
849 1857 971 1930 patrato
981 1847 1148 1930 priscorum
1157 1845 1335 1910 Latinorum
1343 1852 1401 1912 ho-

352 1935 363 2014 f
377 1933 567 2018 minibuque
574 1934 680 2018 priscis
691 1927 819 2012 latinis,
830 1955 904 2016 quas
915 1955 962 1995 res
977 1933 1053 2012 dari,
1065 1931 1140 2012 fieri,
1163 1933 1238 1996 solvi
1250 1935 1398 2045 obortult,

351 2021 362 2054 ‘
377 2043 450 2104 quas
461 2043 508 2084 res
517 2043 573 2088 nec
584 2021 742 2100 dederunt,
753 2041 810 2082 nec
822 2019 967 2098 fecerunt,
976 2041 1032 2081 nec
1043 2019 1206 2099 solverunt,
1216 2020 1276 2098 dic,
1300 2024 1338 2083 in'
1352 2021 1399 2086 uit

350 2105 389 2186 ei,
402 2129 491 2190 quem
500 2109 630 2192 primum
640 2109 823 2172 sententiam
834 2105 994 2189 rogabat,‘
1008 2105 1081 2188 quid
1090 2127 1193 2168 censes
1206 2102 1230 2168 ?’
1236 2101 1319 2170 'llam
1328 2043 1396 2170 iller

350 2194 360 2226 ‘
375 2191 452 2258 Puro
460 2197 571 2280 pioque
581 2193 681 2257 duello
688 2192 864 2278 quarendas
871 2214 990 2271 censeo,
1000 2193 1103 2274 itaque
1113 2195 1140 2231 ⁴⁸
1147 2196 1316 2273 consentio,
1322 2215 1398 2257 con·

348 2277 551 2365 ‘acinoque'
575 2279 649 2345 Inde
672 2281 777 2344 ordine
807 2281 857 2343 alii
887 2280 1093 2361 rogabantur:
1119 2276 1298 2362 quandoque
1327 2301 1397 2363 pars

348 2365 445 2449 major
475 2389 588 2446 eorum,
623 2369 673 2450 qui
704 2367 843 2446 aderant,
866 2367 896 2429 iu
926 2365 1065 2428 eamdem
1107 2365 1289 2429 sententiam
1321 2368 1396 2446 ibat,

347 2457 374 2494 ⁴⁴
387 2454 499 2516 bellurn
515 2466 581 2516 erat
595 2475 744 2517 consensu
752 2465 775 2518 ⁴.
798 2451 877 2516 lieri
901 2452 1037 2531 solitum,
1050 2464 1086 2514 ut
1106 2452 1222 2514 fecialis
1233 2455 1260 2494 ⁴⁵
1273 2453 1395 2517 hastam

348 2529 502 2620 ferratam,
520 2553 573 2603 aut
588 2539 786 2623 sanguineam
809 2550 971 2625 praeustam
995 2537 1035 2601 ad
1057 2537 1132 2610 iiues
1159 2560 1262 2603 eorum
1291 2541 1394 2620 ferret,

346 2640 388 2707 et,
407 2649 469 2689 non
489 2628 589 2690 minus
603 2628 698 2690 tribus
720 2628 882 2711 puberibus
895 2626 1101 2709 praesentibus,
1123 2626 1255 2689 diceret:
1279 2627 1393 2698 ‘Quod

278 2786 282 2795 ,
345 2714 356 2747 ‘
372 2710 1238 2798 populipriscorumlntinommhominesquepriscilatini
1250 2714 1392 2776 adversus

345 2802 356 2834 ‘
369 2798 693 2885 populumRomanum
702 2800 864 2873 Quiritium
876 2799 1023 2879 feceruut,
1036 2800 1235 2882 deliquerunt,
1244 2800 1325 2882 quod
1333 2819 1390 2884 po·

376 2964 540 3017 emanas.
552 2960 621 3018 Creu.
718 2932 861 3017 ‘mmmm
882 2968 953 3018 Crcr.
969 2966 1186 3031 lutemuuctionem
1208 2966 1317 3032 majorem
1338 2978 1391 3032 post

343 3034 622 3084 oomnmcollitGron..

374 3180 397 3222 ³⁹
413 3180 496 3247 Patria
531 3190 645 3247 corum
677 3198 711 3235 me
734 3198 849 3246 summm
880 3192 916 3231 tet
935 3197 963 3231 ex
986 3180 1085 3233 forman
1109 3174 1225 3232 incidendi
1247 3177 1313 3242 balli,
1339 3196 1389 3245 quae

342 3253 399 3299 rimu
414 3250 467 3316 csse]
490 3248 549 3299 Tres
564 3248 643 3313 optimi
658 3264 671 3297 c
685 3249 769 3297 nostris
783 3250 849 3298 codd
880 3249 938 3296 iufra
965 3248 1080 3311 sequitur,
1107 3257 1133 3296 et
1155 3264 1184 3296 ex
1210 3264 1232 3298 c.
1254 3248 1278 3297 6.
1297 3248 1315 3295 l.
1330 3260 1388 3296 vru.

342 3314 635 3430 ttlttltlttt't
653 3314 675 3363 ἢ
693 3326 737 3373 ‘⁶²'
754 3313 848 3363 ‘¹⁹“⁵’²
883 3312 1287 3440 mmmm]
1319 3376 1388 3427 um

374 3444 474 3493 ⁴⁰·Ta
502 3448 560 3495 enim
591 3444 685 3492 solennes
714 3441 776 3508 nant]
799 3439 846 3494 Tot
909 3444 988 3491 cimam
1011 3442 1137 3492 lectionem
1171 3444 1242 3492 unius
1266 3439 1349 3490 codicis
1373 3460 1387 3491 a

343 3509 406 3557 enim
427 3521 482 3557 cunc
496 3508 549 3571 jure
578 3508 693 3557 fecialium
718 3510 853 3574 praescripti·
903 3509 996 3557 rouorio
1027 3508 1122 3571 inspecti
1153 3507 1262 3557 audacter
1297 3508 1385 3569 recepi-

341 3575 467 3637 dies,quoa
489 3574 547 3621 elabi
566 3588 660 3623 necesse
675 3573 707 3621 sit
722 3588 844 3640 antequam
876 3590 936 3622 mus.
969 3570 1059 3623 Bellum
1072 3588 1196 3621 wamma
1218 3572 1298 3619 eadem
1324 3570 1383 3631 figu-

340 3640 558 3689 bellumiudicetur.
875 3656 900 3688 ra
920 3638 1012 3697 dicitur,
1027 3654 1072 3702 qua
1099 3636 1179 3685 bellum
1200 3636 1318 3695 manlio,
1332 3650 1386 3683 ron·

371 3706 393 3738 ⁴¹
413 3704 470 3752 Cum
480 3704 524 3769 lis]
542 3705 588 3755 His
596 3702 698 3768 peractis.
877 3708 942 3753 merit
969 3714 991 3754 et
1015 3704 1093 3752 remus
1114 3702 1203 3748 altam.
1236 3696 1386 3763 Partieipium

370 3770 393 3805 ⁴2
410 3770 511 3826 Quorum
532 3768 619 3833 nuum]
647 3768 731 3834 supple
760 3773 846 3833 gratio,
877 3783 956 3819 autem
977 3783 1088 3817 ceruorum
1104 3766 1222 3829 reperitur
1242 3767 1301 3827 apud
1326 3764 1383 3813 Gel-

338 3850 413 3897 coum,
433 3838 478 3885 hoc
499 3852 585 3885 sensu:
614 3833 706 3885 Quibus
725 3836 753 3883 de
775 3834 846 3884 rebus
876 3834 943 3893 lium,
969 3835 987 3883 l.
1011 3848 1055 3883 xv,
1071 3847 1093 3879 c.
1118 3836 1159 3882 26.
1202 3830 1384 3880 Discinctiooem

267 3958 271 3967 ,
338 3904 446 3951 convenit
469 3904 528 3967 petri
543 3913 632 3967 patrato
651 3902 728 3965 populi
746 3893 844 3950 Romani
877 3917 968 4013 auoque
1002 3897 1141 3947 mutavimus
1169 3894 1269 3971 eodem·
1289 3907 1384 3972 auctore

338 3980 390 4015 cum
407 3980 471 4032 patre
493 3980 582 4032 patrum
605 3968 730 4031 priscorum
750 3966 843 4015 Lacino·
901 3966 1004 4023 ronovio,
1031 3975 1057 4013 et
1083 3976 1148 4011 nova
1183 3962 1271 4027 periodr
1290 3960 1383 4010 imnum

337 4044 399 4093 rum,
416 4034 452 4098 (in
463 4035 502 4083 illo
513 4050 596 4097 nempe
604 4032 702 4090 soedcre,
718 4031 778 4093 quod
789 4041 841 4092 reg·
873 4030 972 4079 fecimus
989 4030 1017 4078 ab
1042 4029 1079 4077 lala
1104 4026 1179 4076 verbis
1193 4026 1251 4090 fieri
1286 4024 1381 4075 solitum.

337 4108 407 4144 naute
425 4098 494 4145 'subo
512 4101 583 4147 nrum
607 4112 657 4146 esse
677 4112 730 4145 cum
753 4096 838 4142 latinis
874 4096 968 4156 Vulgari
989 4092 1091 4143 habent:
1113 4092 1194 4140 tedam
1213 4100 1263 4142 emt
1282 4106 1383 4139 conamen

336 4157 406 4207 initio
421 4162 577 4224 capitishujus
599 4162 676 4210 Livius
693 4158 840 4224 memoravit)
866 4158 1162 4225 fienulitumucfeciolir.

340 4240 493 4287 ....qun
510 4230 604 4288 quidem
618 4243 656 4276 res
672 4242 714 4277 nec
736 4227 843 4275 lecerunt
906 4218 928 4256 ⁴⁵
946 4221 1059 4273 Hatram.
1078 4259 1085 4274 .
1103 4217 1281 4290 ‚unguinum
1299 4220 1345 4271 Vel
1367 4238 1381 4271 e

337 4290 697 4355 ··.dcll⁸dic,quideeuses?
873 4288 997 4352 sanguineo
1012 4289 1108 4351 frutice,
1128 4288 1157 4337 de
1189 4306 1235 4353 quo
1258 4286 1345 4336 Plinius
1363 4287 1382 4337 l.

368 4352 389 4386 ⁴³
403 4352 533 4420 βοηθειῶν]
555 4358 639 4420 Supple
660 4358 754 4407 bellum:
781 4356 799 4405 i.
817 4371 840 4405 e.
874 4366 929 4405 xvr.
950 4370 972 4402 c·
988 4355 1026 4403 la.
1043 4353 1082 4402 vel
1099 4356 1210 4415 sauguine
1228 4363 1380 4403 cruentatam.

336 4434 388 4467 mea
405 4418 519 4469 sententia
543 4420 630 4469 bellom
651 4422 718 4471 indici
739 4434 764 4471 et
790 4420 839 4469 fieri
872 4412 1154 4470 viaturmuudvers
1168 4422 1186 4470 1.
1200 4415 1341 4471 ennead.
1354 4427 1383 4471 et

336 4484 444 4535 decemo.
484 4482 584 4549 Populus
623 4501 705 4550 nempe
738 4486 839 4549 iubebat
870 4482 974 4539 1.th
988 4485 1027 4537 17.

335 4548 430 4614 bellum
451 4559 545 4605 cenatus
571 4550 735 4611 concutiebat,
752 4562 779 4599 ut
797 4566 837 4615 pa·
