3175 5200
375 390 434 450 334
797 362 882 471 'ml
901 358 1002 439 tr‘v'u

210 564 242 613 υ.
255 562 283 614 α
294 559 350 617 365.
377 544 523 610 tuendam
544 530 644 606 arcem
661 538 849 623 compositis,
870 540 960 601 turba
974 536 1140 617 seniorum,
1155 536 1269 603 domos
1284 547 1435 623 regressa,

208 630 278 681 Μ·
290 632 347 681 387·
379 635 542 700 adventum
557 629 691 692 hostium
713 628 868 689 obstinato
891 626 931 688 ad
955 637 1088 699 mortem
1103 628 1208 691 animo
1223 628 1436 711 exspectabat

211 696 365 825 ,⁵3:3¹⁶-
379 723 429 804 qui
445 740 550 781 eorum
567 717 684 779 curules
704 726 862 797 gesserant
880 713 1089 795 magistratus,
1110 726 1146 778 ut
1170 714 1203 777 in
1224 714 1355 778 fortunae
1370 715 1435 801 pri·

211 828 345 877 seutdom.
378 808 464 870 atinae
490 807 698 883 honorumque
725 813 778 864 aut
800 800 919 862 virtutis
945 799 1114 882 insignibus
1140 815 1345 880 morerentur,
1369 823 1436 884 quse

308 930 313 954 .
380 890 594 975 augustissima
606 891 698 951 vestis
714 900 760 951 est
775 890 911 950 ⁵⁸tensas
926 886 1109 950 ducentibus
1123 888 1435 973 triumphantibusve,

379 998 417 1042 ea
435 979 537 1053 vestiti
561 976 665 1039 medio
689 976 798 1037 aedium
824 975 963 1036 eburneis
990 974 1073 1035 sellis
1097 975 1214 1039 sedere.
1258 972 1349 1056 Sunt,
1371 978 1436 1059 qui,

379 1065 427 1129 M.
453 1064 548 1128 Fabio
576 1063 722 1146 pontifice
748 1061 884 1124 maximo
911 1060 1091 1144 ”presente
1116 1080 1252 1143 carmen,
1275 1062 1435 1127 devovisse

380 1172 433 1215 eos
454 1172 487 1215 se
513 1172 568 1235 pro
597 1151 699 1234 patria
723 1150 949 1229 Quiritibusque
975 1148 1135 1228 Romanis,
1160 1150 1292 1213 tradant.
1335 1148 1433 1229 Galli,

381 1251 412 1303 et
436 1240 508 1321 quia
527 1239 709 1321 interposita
731 1242 823 1299 nocte
850 1257 869 1297 a
891 1236 1090 1298 contentione
1115 1242 1225 1319 pugna
1250 1238 1433 1300 remiserant

381 1328 510 1405 animos,
538 1336 570 1387 et
592 1326 675 1407 quod
700 1344 756 1386 nec
780 1324 813 1384 in
844 1323 911 1385 acie
926 1322 1062 1404 'ancipiti
1088 1342 1218 1405 usquam
1240 1335 1436 1387 certaverant

292 1442 295 1455 =
381 1415 500 1497 proelio,
519 1432 576 1475 nec
595 1424 661 1475 tum
682 1412 788 1495 inpetu
811 1421 865 1471 aut
886 1410 915 1471 ui
939 1408 1134 1492 ”capiebant
1159 1410 1278 1491 urbem,
1296 1413 1362 1473 sine
1377 1412 1436 1490 ira,

382 1503 447 1563 sine
472 1501 565 1562 adore
596 1500 766 1561 animorum
791 1496 919 1579 ingressi
944 1509 1069 1579 postero
1095 1497 1145 1559 die
1171 1500 1280 1559 urbem
1307 1508 1436 1581 patente

383 1587 504 1649 Collina
518 1596 616 1670 porta,
637 1586 668 1648 in
688 1586 787 1647 sorum
803 1584 991 1667 perveniunt,
1010 1582 1257 1647 circumferentes
1272 1582 1381 1647 oculos
1397 1582 1439 1646 ad

382 1675 498 1757 templa
527 1672 628 1735 Deum
658 1686 831 1753 arcemque,
865 1671 961 1733 solam
991 1670 1060 1733 belli
1093 1670 1228 1755 speciem
1262 1684 1437 1733 tenentem.

383 1759 469 1839 Inde,
485 1760 607 1822 modico
622 1760 728 1822 relicto
748 1757 899 1843 praesidio,
926 1758 977 1837 (ne
999 1758 1061 1839 quis
1076 1759 1107 1818 in
1123 1756 1290 1841 dissipatos
1304 1776 1345 1819 ex
1360 1778 1436 1819 arce

384 1860 437 1910 aut
460 1846 615 1931 Capitolio
633 1847 754 1929 inpetus
779 1844 877 1926 lieret)
904 1844 1011 1927 dilapsi
1030 1843 1068 1905 ad
1090 1844 1223 1927 predam
1244 1842 1351 1904 uacuis
1372 1846 1434 1906 ob-

274 1952 280 1966 ·
384 1951 472 1997 cursu
488 1935 647 1996 hominum
658 1935 724 2013 viis,
737 1954 807 2016 pars
819 1932 850 1993 in
859 1932 998 2014 proxima
1006 1950 1124 2015 quaque
1135 1942 1288 1994 tectorum
1302 1932 1449 2013 agmine

345 2090 354 2103 ᾗ
385 2030 495 2100 ruunt;
518 2040 588 2105 pars
599 2022 717 2099 ultima,
731 2020 814 2082 velut
828 2040 868 2081 ea
882 2020 1004 2081 demum
1018 2017 1131 2079 intacta
1141 2028 1174 2080 et
1187 2017 1300 2080 referta
1313 2012 1433 2101 praeda,

383 2116 503 2193 petunt.
527 2108 598 2169 inde
619 2128 720 2171 rursus
741 2106 810 2191 ipsa
831 2106 993 2168 solitudine
1015 2104 1176 2184 absterriti,
1200 2124 1241 2166 ne
1283 2120 1324 2165 ua
1348 2104 1435 2167 fraus

384 2196 505 2259 hostilis
527 2214 621 2277 vagos
651 2196 817 2279 exciperet,
842 2194 874 2256 in
896 2192 995 2255 forum
1017 2211 1053 2253 ac
1076 2190 1248 2275 propinqua
1263 2126 1339 2253 loro
1362 2190 1438 2253 loca

384 2284 561 2366 conglobati
576 2282 735 2345 redibant:
758 2282 810 2343 ubi
825 2302 889 2359 eos,
903 2280 1001 2363 plebis
1015 2278 1149 2341 aediliciis
1164 2279 1315 2341 obseratis
1326 2280 1439 2361 pulen-

384 2371 465 2432 tibus
482 2370 565 2431 atriis
581 2370 763 2454 principum,
789 2367 887 2450 major
901 2386 996 2451 prope
1012 2366 1167 2428 cunctatio
1177 2366 1305 2427 tenebat
1320 2376 1439 2449 aperta,

361 2499 364 2505 ·
384 2472 475 2537 quam
492 2456 604 2533 clausa,
621 2456 794 2517 invadendi.
813 2455 892 2517 adeo
915 2454 998 2516 haud
1013 2472 1098 2515 secus
1114 2472 1208 2538 quam
1228 2452 1438 2515 venerabundi

382 2544 577 2604 intuebantur
591 2544 622 2604 in
638 2543 747 2605 aedium
763 2541 918 2605 vestibulis
938 2541 1079 2604 sedentes
1104 2540 1195 2620 viros,
1220 2552 1332 2623 praeter
1346 2560 1436 2603 orna-

382 2641 449 2692 tum
480 2629 678 2710 habitumque
715 2631 851 2690 humano
887 2629 1104 2711 augustiorem,
1138 2625 1300 2730 mqjestate
1330 2627 1437 2708 etiam,

383 2731 475 2796 quam
490 2715 591 2776 vultus
607 2716 799 2796 gravitasque
818 2715 882 2776 oris
900 2737 961 2799 prae
986 2737 1018 2778 se
1038 2715 1155 2778 ferebat
1170 2713 1339 2777 simillimos
1353 2709 1437 2776 Diis.

382 2800 432 2864 Ad
448 2821 500 2863 eos
514 2801 597 2864 velut
612 2801 774 2865 simulacra
795 2803 874 2864 versi
895 2823 987 2884 quum
1003 2813 1128 2880 starent,
1143 2795 1187 2863 M.
1203 2794 1338 2884 Papirius
1353 2821 1435 2861 unus

385 2907 424 2949 ex
438 2888 486 2950 his
502 2887 612 2950 dicitur
623 2887 723 2968 Gallo,
739 2888 866 2950 barbam
881 2908 979 2968 suam,
994 2905 1029 2952 ut
1049 2901 1113 2951 tum
1131 2887 1270 2950 omnibus*
1283 2886 1437 2971 promissa

386 2987 462 3052 erat,
488 2976 701 3058 permulcenti,
726 2975 863 3060 scipione
886 2977 1020 3039 eburneo
1040 2977 1072 3038 in
1097 2987 1189 3059 caput
1210 2975 1332 3036 incusso
1356 2973 1438 3035 iram

386 3061 540 3141 movisse;
565 3074 656 3144 atque
678 3065 717 3124 ab
737 3083 774 3125 eo
793 3063 914 3126 initium
932 3063 1024 3126 caedis
1038 3073 1150 3142 ortum,
1175 3073 1291 3124 ceteros
1306 3061 1340 3122 in
1355 3061 1438 3124 sedi-

143 3185 147 3190 „
221 3173 351 3224 sonam
388 3151 443 3212 bus
467 3151 528 3212 suis
551 3151 727 3212 trucidatos.
783 3149 856 3212 Post
882 3151 1054 3233 principum
1080 3149 1193 3212 caedem
1220 3146 1297 3210 nulli
1325 3148 1437 3212 deinde

220 3243 289 3289 ranas
302 3240 351 3288 Κο-
387 3239 562 3300 mortalium
577 3239 673 3320 parci,
690 3237 778 3320 diripi
794 3248 887 3315 tecta,
901 3237 1055 3300 exhaustis
1070 3233 1180 3319 injicii
1224 3256 1267 3299 es.

223 3321 351 3358 manorum.
431 3321 708 3403 XLll..Ceterum,
734 3327 821 3387 ⁰¹seu
839 3345 903 3386 non
927 3323 1068 3387 omnibus
1084 3257 1223 3386 delenlal
1241 3321 1325 3384 urbis
1342 3319 1439 3384 libido

388 3424 464 3489 erat,
494 3431 548 3473 seu
577 3413 623 3473 ita
651 3411 809 3494 placuerat
836 3411 1025 3494 principibus
1046 3408 1217 3490 Gallorum,
1239 3421 1273 3472 et
1288 3407 1438 3472 ostentari

389 3497 527 3577 quaedam
542 3497 686 3582 incendia
700 3499 823 3560 terroris
845 3519 961 3577 cauma,
985 3499 1009 3560 si
1031 3497 1173 3598 compelli
1190 3495 1438 3560 addeditionem

389 3583 516 3644 caritate
531 3583 649 3644 sedium
668 3605 789 3647 suarum
813 3585 926 3648 obsessi
948 3597 1092 3668 possent3
1116 3595 1148 3649 ct
1162 3602 1226 3647 non
1242 3584 1346 3646 omnia
1359 3602 1438 3644 con-

312 3743 316 3753 ,
389 3669 517 3732 cremari
540 3679 632 3749 tecta,
655 3683 699 3751 ut,
724 3674 937 3754 quodcumque
959 3687 1131 3758 superesset
1156 3671 1249 3750 urbis,
1271 3670 1305 3734 id
1326 3669 1439 3754 pignus

389 3756 429 3819 sd
444 3755 612 3820 flectendos
627 3759 761 3822 hostium
776 3760 895 3823 animos
910 3761 1078 3841 haberent3
1103 3777 1296 3844 nequaquam
1310 3755 1441 3842 perinde

421 3943 444 3980 ⁵⁸
462 3941 557 3995 mnas
575 3943 898 4012 duemtibus]'1'henraenmt
960 3945 986 3983 ⁰)
1010 3947 1129 4011 capiebant
1148 3943 1380 4013 mmmmm
1397 3961 1441 3993 ⁸²·-

389 4026 452 4060 aacra
470 4013 585 4070 vehicula,
605 4011 686 4075 quibus
704 4014 823 4062 nmmum
841 4017 898 4063 dec·
930 4014 986 4126 ml
1003 4015 1219 4080 lngntarepetitio.
1251 4015 1314 4064 Dela
1321 4013 1443 4079 punctim

389 4090 442 4124 rum
462 4075 523 4125 ludis
545 4077 691 4126 Circensibus
711 4077 735 4126 ln
757 4077 851 4126 Circum
869 4079 898 4127 ad
928 4079 970 4126 illu
996 4081 1080 4130 urban.

389 4141 492 4201 pulvinar
503 4143 672 4192 deserebantur.
704 4143 769 4191 Ante
779 4144 837 4206 ipsas
847 4145 896 4192 lon
960 4143 985 4177 ⁰¹
1002 4145 1048 4193 Seu
1058 4161 1103 4194 non
1117 4144 1227 4210 maldra]
1245 4145 1347 4195 naam
1358 4141 1442 4204 legere

391 4205 554 4266 tendebantur,
571 4225 623 4272 quae
633 4209 728 4258 fortasse
744 4223 815 4269 maan
831 4221 899 4258 taue-
931 4223 985 4257 eum
1002 4211 1121 4259 Gronovlo
1139 4215 1215 4260 omna.
1249 4213 1264 4240 “
1281 4211 1447 4266 Seueemeres

390 4265 445 4314 brut
457 4271 575 4344 principer
591 4275 644 4329 viri,
659 4286 728 4342 atque
747 4274 799 4324 ideo
815 4274 901 4324 ducere
932 4287 957 4322 at
967 4277 1020 4338 quis
1032 4277 1064 4323 ita
1075 4277 1171 4335 libebat,
1184 4277 1270 4326 factum
1287 4286 1314 4323 ut
1331 4289 1379 4323 noa
1390 4287 1446 4322 om·

392 4333 580 4384 assumebantur.
612 4337 668 4388 Vld.
679 4342 763 4390 Areon.
784 4341 808 4388 in
829 4347 899 4391 111²·-
931 4356 986 4388 nem
997 4342 1075 4389 delere
1086 4345 1167 4392 urbem
1178 4344 1282 4404 vellent3
1298 4341 1446 4389 sieelslcuu·

391 4404 471 4442 contm
482 4395 589 4447 Verrem.
931 4405 1116 4467 rdiofrciebmt,
1123 4407 1307 4475 principibusque
1318 4407 1449 4456 Gallorum

392 4456 473 4573 aba:
479 4457 598 4574 ἕψητε
615 4469 713 4535 comm]
735 4469 790 4522 vu.
807 4481 858 4523 nat.
874 4473 900 4523 0.
930 4470 963 4522 itt
973 4472 1149 4540 panant...-
