3175 5200
492 373 571 434 ara.
581 371 636 435 u1.
658 372 740 435 car.
753 371 878 435 uxvn.
1155 329 1213 436 aar

166 533 241 595 ‘sos
267 528 426 593 exercitus.
456 528 577 591 dissolvi
596 528 721 591 lieentia
746 525 897 589 militandi
926 546 1052 589 morem.
1075 548 1132 590 nec
1157 551 1213 610 pro
1226 526 1367 581 lle-³⁰⁹·

167 621 177 653 ‘
193 620 345 681 communi
357 615 423 700 jam
443 616 543 699 patria
557 616 688 677 Romam
704 636 779 675 esse.
802 613 950 695 quidquid
971 616 1082 677 irarum
1104 616 1211 680 simul·
1225 595 1256 644 Α·
1268 593 1297 643 c·
1308 599 1364 647 ⁴⁴³·

167 706 185 763 ‘.
193 718 350 788 tatumque
363 724 433 769 cum
449 703 581 764 externis
597 702 697 780 fuerit,
708 700 738 762 in
749 701 831 783 ipsos
843 701 930 762 verti.
942 701 1111 765 obcaecatos
1124 704 1211 787 lupos

168 791 339 859 ‘intestina
361 791 444 852 rabie
478 787 670 871 opprimendi
692 788 886 849 occasionem
909 785 994 849 esse.’
1033 786 1211 870 conjunctis
1223 800 1262 877 nd
1273 803 1357 851 moeoia

168 880 347 941 exercitibus
388 875 531 938 Latinum
576 875 708 958 primurn
741 893 848 955 agrum
885 875 1077 957 perpopulati
1092 886 1104 914 ‘
1119 890 1209 956 sunt3
1223 882 1269 929 ¹¹²⁹
1279 867 1362 916 ¹¹⁰⁰*

170 965 278 1027 deinde
301 975 465 1048 postquam
491 962 532 1023 ibi
555 982 646 1023 nemo
674 959 787 1021 vindex
810 959 1003 1039 absumebat,
1040 972 1106 1023 turn
1130 986 1210 1044 vero,
1223 935 1341 983 accedunt.

168 1051 388 1114 exsultantibus
413 1049 483 1111 belli
499 1049 683 1125 auctoribus,
699 1047 739 1109 ad
761 1047 875 1108 moenia
898 1047 965 1129 ipsa
986 1047 1092 1110 Romae
1113 1071 1211 1134 popu·

168 1138 291 1200 labundi
302 1138 425 1219 regione
445 1147 539 1220 portae
550 1134 712 1216 Esquilinae
725 1154 890 1211 accessere,
905 1135 1109 1197 vastationem
1121 1158 1211 1218 agro-

166 1244 233 1287 rum
266 1246 320 1309 per
342 1222 559 1285 contumeliam
580 1220 669 1284 urbit
697 1231 897 1283 ostentantes.
936 1222 1017 1282 unde
1047 1236 1211 1306 postquam

168 1310 268 1391 inulti,
290 1310 423 1394 praedam
447 1330 508 1393 pra
528 1330 560 1371 se
575 1322 712 1390 agentes,
727 1318 809 1369 retro
830 1307 870 1369 ad
886 1306 1070 1371 Corbionem
1091 1312 1212 1392 agmine

168 1398 239 1475 iere,
249 1397 410 1468 Quinctius
426 1396 530 1457 consul
543 1395 582 1457 ad
597 1396 775 1457 concionem
787 1394 933 1477 populum
944 1395 1073 1458 vocavit.

212 1482 340 1545 LXVll.
364 1480 409 1545 lbi
436 1484 467 1544 in
494 1483 572 1545 hanc
591 1483 773 1545 sententiam
797 1482 932 1543 locutum
956 1482 1093 1566 accipio:
1112 1484 1130 1551 ‚⁶
1143 1482 1370 1559 Etsi'l'euiaetn

169 1571 181 1603 ‘
196 1570 271 1631 milri
286 1570 395 1632 nullius
410 1590 498 1631 noxae
511 1569 660 1647 conscius,
683 1568 827 1645 Quirites,
849 1589 926 1647 sum,
941 1582 1045 1631 tamen
1067 1591 1137 1632 cum
1153 1593 1209 1654 pu·
1222 1567 1295 1614 “²⁶⁰
1304 1570 1333 1615 ²⁶

169 1656 180 1689 ‘
196 1656 269 1718 dore
280 1677 400 1719 summo
415 1657 446 1717 in
463 1657 642 1718 concionem
652 1667 783 1717 vestram
799 1656 942 1737 processi.
960 1654 1038 1717 ·Hoc
1052 1678 1106 1718 vos
1121 1658 1209 1738 scire,
1221 1632 1339 1695 P⁰P²¹¹⁰¹¹¹²

169 1743 254 1804 ‘hoc
269 1744 397 1825 posteris
413 1744 565 1805 memoriae
580 1742 726 1806 traditum
741 1742 790 1820 iri,
805 1739 924 1823 AEquos
953 1753 985 1805 et
1005 1741 1143 1823 Volscos,
1159 1746 1210 1807 vix

168 1826 337 1891 ‘Hernicis
364 1829 456 1891 modo
485 1851 584 1913 pares,
606 1826 645 1891 Τ.
669 1828 815 1899 Quinctio
836 1840 976 1910 quartum
1004 1832 1137 1909 consule,
1169 1832 1209 1893 ad

167 1914 307 1978 ‘moenia
317 1916 398 1978 urbis
408 1916 512 1978 Romae
522 1918 634 1999 inpune
651 1927 784 1978 armatos
801 1916 929 1978 venisse.
945 1914 1036 1977 Hanc
1047 1937 1105 1999 ego
1121 1918 1209 2000 igno·

167 2002 180 2035 ‘
195 2002 332 2081 minium,
346 2000 542 2085 (quamquam
553 2002 619 2084 jam
635 2003 686 2064 diu
695 2002 740 2065 ita
754 2002 874 2080 vivitur,
886 2003 912 2063 is
927 2014 1025 2065 status
1036 2025 1138 2065 rerum
1153 2016 1210 2082 est,

168 2087 229 2151 ‘ut
242 2090 318 2152 nibil
345 2089 418 2151 boni
433 2090 548 2151 divinet
564 2090 693 2171 animus)
721 2089 747 2151 si
761 2089 833 2151 huic
848 2090 1044 2172 potissimum
1064 2091 1212 2153 inminere

168 2175 276 2237 ‘anno
292 2176 428 2253 scissem,
439 2176 484 2237 vel
495 2176 612 2255 exsilio,
623 2177 670 2238 vel
686 2187 795 2254 morte,
811 2176 837 2237 si
853 2177 913 2238 alia
923 2176 997 2259 suga
1011 2178 1134 2239 honoris
1149 2198 1212 2240 nou

169 2260 286 2337 ‘.esset‚
303 2262 458 2325 vitassem.
479 2262 573 2345 Ergo,
589 2264 614 2324 si
628 2262 683 2323 viri
705 2284 790 2325 arma
816 2261 869 2325 illa
885 2264 1073 2342 habuissent,
1098 2286 1165 2347 quae
1180 2265 1211 2327 in

168 2344 290 2430 ‘portis
310 2348 391 2411 fuere
420 2350 542 2429 nostris,
567 2350 634 2432 capi
650 2349 751 2411 Roma
774 2370 823 2411 me
839 2351 962 2412 consule
991 2351 1117 2433 potuit?
1139 2351 1214 2413 satis

169 2434 180 2466 ‘
195 2434 357 2514 honorum,
377 2437 451 2498 satis
472 2456 619 2519 superque
632 2436 702 2498 vitae
717 2449 783 2498 erat
797 2459 805 2497 r
829 2437 907 2497 mori
919 2438 1074 2499 consulem
1086 2438 1213 2499 tertium

169 2518 341 2604 ‘oportuit
365 2522 464 2593 Quem
479 2522 605 2585 tandem
628 2522 816 2604 ignavissimi
846 2523 979 2585 hostium
1001 2522 1213 2584 contemserel

168 2609 249 2670 ‘nos
273 2608 433 2672 consules?
459 2631 498 2670 arr
524 2630 578 2670 vos
594 2608 750 2678 Quirites?
780 2606 813 2668 Si
831 2608 921 2690 culpa
935 2610 967 2669 in
982 2610 1068 2670 nobis
1084 2621 1141 2687 est,
1158 2629 1212 2669 au-

168 2693 268 2756 ‘ferte
283 2694 442 2775 imperium
464 2692 616 2774 indignis3
644 2703 685 2768 et,
700 2694 725 2751 si
739 2693 771 2752 id
785 2713 892 2773 parum
901 2705 958 2772 est,
971 2695 1093 2776 insuper
1105 2715 1213 2776 poenas

167 2777 338 2861 ‘expetite
361 2777 394 2839 Si
418 2779 449 2838 in
463 2779 559 2856 vobis,
586 2797 677 2838 nemo
687 2775 823 2839 Deorum
837 2799 895 2839 nec
917 2778 1075 2841 hominum
1090 2781 1141 2859 sit,
1162 2780 1214 2862 qui

58 2863 60 2868 ’
168 2865 295 2928 ‘vestra
319 2865 428 2948 puniat
441 2875 587 2948 peccata„
615 2863 768 2942 Quirites3
811 2876 929 2928 vosmet
960 2877 1080 2929 tanturn
1110 2887 1214 2929 eorum

167 2952 178 2985 ‘
192 2952 352 3034 poeniteat.
384 2949 456 3012 Non
479 2951 523 3013 illi
538 2962 670 3012 vestram
685 2949 839 3032 ignaviam
852 2963 1055 3030 contemsere,
1069 2974 1127 3014 nec
1151 2975 1212 3015 sure

168 3037 296 3099 ‘virtuti
327 3037 432 3099 confisi
463 3048 550 3116 sunt;
574 3038 685 3119 quippe
709 3037 804 3100 toties
827 3037 884 3098 fusi
907 3037 1075 3120 fugatique,
1106 3040 1213 3102 castris

169 3121 180 3154 ‘
195 3122 291 3199 exuti,
306 3143 379 3204 agro
394 3123 527 3200 multati,
542 3123 597 3184 sub
619 3121 728 3204 jugum
751 3123 847 3199 missi,
877 3134 909 3184 et
932 3144 964 3184 se
980 3137 1011 3187 et
1025 3145 1079 3186 vos
1095 3145 1214 3186 novere.

147 3193 181 3240 '‘
196 3205 359 3268 Discordia
373 3206 513 3269 ordinum
539 3218 585 3268 est
607 3228 755 3268 venenum
785 3208 866 3268 urbis
892 3206 1004 3286 hujus3
1034 3208 1161 3271 Patrum
1176 3231 1214 3270 ac

170 3291 182 3325 ‘
196 3292 291 3376 plebis
303 3293 493 3354 certamina:
510 3292 582 3353 dum
591 3313 648 3366 nec
663 3293 750 3354 nobis
760 3291 890 3374 imperii,
902 3313 958 3354 nec
971 3294 1056 3354 vobis
1066 3292 1215 3358 libertatis

171 3379 246 3441 ‘ast
274 3378 393 3457 modus,
413 3378 486 3440 dum
502 3378 594 3440 taedet
622 3399 675 3440 vos
700 3378 909 3460 patriciorum,
933 3379 1210 3463 hosssplebeiorum

171 3465 183 3498 ‘
198 3466 443 3546 magistratuum,
463 3465 610 3528 sustulere
625 3465 668 3526 illi
685 3465 813 3526 animos.
830 3463 887 3526 Pro
905 3463 1007 3528 Dedin
1022 3467 1124 3548 fidem,
1141 3469 1214 3551 quid

171 3552 280 3614 ‘vobis
294 3551 408 3613 vultis?
432 3549 585 3614 Tribunos
600 3551 696 3634 plebis
713 3552 909 3634 concupistis.
924 3554 1093 3618 concordiae
1108 3576 1216 3618 caussa

170 3639 410 3701 ‘concessimus
440 3637 634 3701 Decemviros
649 3638 851 3701 desiderastis.
877 3642 971 3702 creari
998 3642 1078 3725 passi
1101 3664 1214 3706 sumus.

170 3726 182 3759 ‘
196 3724 444 3788 Decemvirorum
455 3747 509 3789 vos
521 3739 683 3808 pertaesum
695 3737 751 3788 est.
763 3725 917 3808 coegimus
928 3728 1012 3790 abire
1021 3729 1215 3810 magistratu.

170 3814 182 3847 ‘
197 3811 347 3876 Manente
362 3813 392 3873 in
408 3813 531 3874 eosdem
546 3813 681 3895 privatos
697 3813 742 3874 ira
752 3824 863 3899 vestra,
878 3813 955 3875 mori
970 3826 1062 3896 atque
1078 3815 1216 3876 exsulare

71 3959 74 3967 .
172 3899 183 3932 ‘
199 3900 402 3962 nobilissimos
413 3899 493 3962 viros
508 3899 819 3982 honoratissimosque
831 3900 912 3982 passi
928 3921 1041 3962 sumus.
1064 3899 1216 3962 Tribunos

171 3987 295 4070 ‘plebis
316 4007 418 4048 creare
433 3986 448 4026 l
461 3987 571 4049 iterum
601 3987 747 4049 voluistis.
771 3985 908 4049 creastis.
952 3986 1100 4048 Consules
1118 3987 1217 4049 facere

170 4069 360 4136 ‘vestrarum
377 4074 520 4156 partium,
529 4073 586 4136 etsi
602 4072 742 4136 Patribus
756 4074 933 4136 videbamus
948 4074 1085 4155 iniquum
1096 4096 1106 4152 3
1118 4074 1216 4157 patri·

170 4157 181 4191 ‘
197 4161 277 4221 cium
286 4181 405 4242 quoque
412 4161 623 4243 magistratum
631 4161 711 4242 plebi
722 4161 835 4223 donum
845 4160 908 4221 lieri
921 4159 1061 4222 vidimus.
1071 4161 1216 4222 auxilium

171 4243 182 4277 ‘
198 4247 404 4326 tribunicium,
413 4247 661 4331 prouocationem
671 4248 710 4309 ad
719 4247 877 4330 populum,
887 4247 966 4309 scita
976 4247 1072 4329 plebis
1079 4246 1216 4328 injuncta

172 4330 183 4363 ‘
199 4327 346 4396 Patribus.
361 4335 418 4397 sub
432 4335 523 4400 titulo
530 4334 745 4418 aequandarum
755 4334 869 4414 legum,
880 4347 984 4398 nostra
991 4332 1062 4416 jura
1071 4355 1216 4419 oppressa

205 4449 485 4508 ‘mmmmm-Cret.
605 4447 955 4514 ‘adiperwntunfflmm
1085 4449 1218 4504 tuM·

99 4558 105 4571 ,
173 4509 353 4568 imnum.
