3175 5200
478 354 486 420 Γ
531 393 878 454 marmoreum.
1147 401 1205 456 sos

174 550 258 612 circa
283 547 381 612 forum
404 545 523 623 clausa,
551 539 767 629 justitiumque*
789 547 822 607 in
845 546 913 608 foro
935 567 989 610 sua
1002 560 1113 630 sponte
1126 569 1210 632 coep·
1218 562 1256 612 tt.
1267 561 1298 614 c.
1309 563 1367 616 tat.

174 646 241 696 tum
257 633 349 716 prins,
365 653 455 713 quarn
472 631 640 694 indictum:
656 633 743 693 ¹⁰lati
758 633 847 707 claui,
857 633 995 694 ¹¹aunuli
1009 635 1090 696 aurei
1101 635 1193 716 positi
1199 658 1211 713 3
1222 628 1255 679 A·
1266 626 1297 680 ⁰·
1308 625 1364 678 ³¹⁹·

175 739 255 802 pene
269 719 406 781 moestior
427 717 562 779 exercitu
577 719 646 801 ipso
659 717 764 779 civitas
782 737 868 778 esse:
890 735 948 779 nec
968 718 1093 782 ducibus
1113 719 1211 782 solum

175 816 269 886 atque
290 803 462 866 auctoribus
485 804 737 886 sponsoribusque
761 803 846 884 pacis
868 802 968 879 irasci,
992 804 1047 865 sed
1070 805 1213 868 innoxios

174 890 270 952 etiarn
296 889 409 952 milites
439 887 551 966 odisse,
578 899 610 949 et
631 907 744 968 negare
767 889 841 948 urbe
863 888 989 949 tectisve
1010 889 1213 970 accipiendos.

174 974 275 1046 Quam
302 973 538 1036 concitationem
569 973 737 1034 animorum
768 972 860 1053 fregit
881 973 1027 1034 adventus
1053 975 1213 1053 exercitus,

175 1060 269 1121 etiarn
285 1059 368 1122 iratis
381 1057 571 1140 miserabilis.
586 1077 649 1119 non
664 1057 918 1138 enimtamquam
928 1059 1103 1142 in-patriam
1114 1076 1215 1121 rever·

175 1155 276 1206 tentes
288 1163 327 1206 ex
342 1144 497 1225 insperato
510 1143 687 1220 incolumes,
703 1143 757 1205 sed
771 1155 929 1226 captorum
949 1143 1057 1205 habitu
1070 1145 1215 1224 vultuque

174 1229 303 1310 ingressi
319 1249 387 1290 sero
410 1229 440 1289 in
465 1229 582 1306 urbem,
596 1229 643 1289 ita
656 1247 689 1289 se
705 1228 736 1288 in
760 1229 823 1288 suis
842 1229 969 1310 quisque
983 1230 1072 1290 tectis
1087 1229 1214 1290 abdide-

174 1327 256 1393 runt,
280 1325 317 1376 ut
341 1326 467 1397 postero
493 1325 583 1394 atque
609 1313 835 1393 insequentibus
862 1314 968 1376 diebus
991 1333 1083 1375 nemo
1108 1333 1214 1376 eorusn

174 1400 274 1484 forum
291 1412 344 1462 aut
358 1399 514 1481 publicum
537 1397 694 1480 adspicere
716 1397 817 1459 vellet.
861 1397 1019 1477 Consules,
1044 1401 1075 1461 in
1096 1400 1215 1481 privato
1302 1455 1320 1462 ,

176 1485 285 1568 abditi,
300 1485 376 1546 nibil
392 1505 448 1568 pro
463 1485 644 1564 magistratu
659 1503 760 1564 agere,
774 1483 833 1544 nisi
845 1484 928 1563 quod
939 1505 1112 1567 expressum
1123 1504 1213 1545 sena-

175 1571 365 1632 tusconsulto
391 1581 449 1648 est,
469 1581 505 1630 ut
526 1569 708 1630 dictatorem
733 1567 871 1629 dicerent
888 1570 1081 1631 comitiorum
1096 1589 1214 1630 caussa.

174 1655 215 1726 Q.
232 1654 359 1718 Fabium
374 1654 558 1716 Ambustum
575 1654 728 1729 dixerunt,
743 1665 775 1714 et
786 1652 821 1713 P.
835 1651 954 1714 AElium
969 1652 1082 1715 Paetum
1099 1655 1213 1734 magis·
1226 1665 1259 1715 0.
1270 1665 1355 1716 tatto·

175 1752 256 1802 trum
283 1739 430 1820 equitum.
457 1740 572 1818 quibus·
589 1739 665 1798 vitio
691 1738 811 1815 creatis,
840 1737 970 1799 subiecti
996 1737 1043 1799 M.
1071 1732 1330 1800 AEmiliusdm·

176 1824 277 1906 Papus
293 1824 435 1900 dictator,
451 1821 486 1884 1..
502 1821 641 1884 Valerius
658 1820 783 1883 Flaccus
799 1822 945 1902 magister
958 1823 1104 1904 equitum.
1146 1822 1213 1885 Nec
1225 1838 1263 1886 M.
1274 1835 1384 1888 Basilio

175 1931 230 1992 per
245 1931 297 1972 eos
311 1909 437 1972 comitia
451 1908 576 1984 habita3
600 1917 641 1985 et,
665 1908 737 1988 qssia
759 1907 892 1968 taededat
909 1910 1057 1988 populum
1077 1909 1213 1971 omnium
1224 1902 1331 1953 lim·

174 1997 408 2077 magistratuum
425 1992 489 2074 ejus
501 1993 586 2070 anni,
601 2013 648 2054 res
663 1992 702 2052 ad
717 1992 921 2072 interregnum
936 1992 1036 2054 rediit.
1082 1991 1213 2054 luterre·

174 2101 228 2163 ges
254 2081 294 2150 Q.
317 2078 428 2141 Fabius
453 2077 619 2154 Maximus,
644 2074 692 2137 M.
715 2073 856 2137 Valerius
878 2074 1003 2138 Corvus.
1026 2078 1052 2138 is
1076 2078 1213 2139 consules
1226 2076 1342 2140 hm·

174 2167 288 2228 creavit
313 2164 352 2233 Q.
376 2163 538 2224 Publilium
562 2160 721 2222 Philonem
746 2171 778 2220 et
809 2159 845 2221 1.
874 2158 1027 2241 Papirium
1052 2160 1212 2223 Cursorem
1225 2155 1292 2252 {5³¹³}
1309 2206 1356 2255 ⁴34

175 2250 295 2327 iterum,
309 2247 391 2310 baud
412 2247 505 2308 dubio
526 2265 675 2307 consensu
690 2245 832 2322 civitatis,
846 2246 926 2325 quod
941 2247 1015 2307 nulli
1031 2267 1068 2308 ea
1081 2259 1213 2332 tempes-
1224 2237 1259 2318 a]
1268 2239 1299 2318 c:
1309 2235 1367 2318 312:

175 2345 240 2397 tate
255 2335 347 2395 duces
361 2332 503 2394 clariores
518 2343 628 2393 esaent.
1224 2331 1391 2408 amab·

218 2417 305 2504 vlll.
327 2419 397 2488 Quo
409 2417 501 2478 creati
512 2429 583 2479 sunt
594 2417 655 2494 die,
667 2436 704 2477 eo
718 2411 775 2493 (sic
790 2416 872 2478 enirn
888 2417 1045 2498 placuerat
1057 2415 1208 2496 Patribus)
1224 2397 1307 2514 Ἠ*
1315 2395 1381 2512 ἐξ·

176 2506 387 2587 magistratum
402 2504 546 2579 inierunt,
560 2501 849 2583 ”sollemnibusque
864 2502 1131 2563 senatusconsultis
1141 2523 1211 2586 per·
1297 2495 1304 2513 '
1372 2493 1380 2508 '

175 2591 273 2670 fectis,
290 2590 327 2652 de
350 2610 426 2673 pace
449 2587 587 2649 Caudina
602 2588 777 2649 retulerunt.
797 2597 830 2649 et
845 2586 998 2667 Publilius,
1013 2609 1106 2670 penes
1121 2604 1212 2669 quem

174 2676 273 2739 fasces
288 2688 385 2754 erant,
407 2673 487 2735 ‘Dic
512 2671 566 2755 Sp.
591 2671 748 2750 Postumi,’
773 2673 883 2753 inquit.
927 2672 1053 2743 Quiubi
1073 2675 1212 2748 surrexit,

174 2763 284 2823 eodem
299 2762 353 2822 illo
367 2760 462 2837 vultu,
485 2778 546 2839 quo
569 2758 625 2819 sub
645 2756 754 2839 jugum
777 2759 886 2819 misasss
910 2770 985 2836 erat,
1007 2757 1125 2819 ‘Haud
1144 2762 1337 2839 sunsPom'gi

174 2842 345 2929 ‘ignauia'
368 2845 478 2927 inquit,
500 2844 511 2878 ‘
526 2842 675 2920 consules,
691 2843 875 2925 ignominia,
895 2864 958 2906 non
972 2844 1095 2906 honoris
1107 2864 1214 2907 mussa
1224 2839 1368 2901 ΜΨ

175 2932 186 2967 ‘
200 2953 251 2993 me
259 2932 390 3013 primum
400 2930 566 2992 excitatum
573 2926 752 3009 jussumque
763 2928 874 3005 dicere,
885 2949 947 2989 non
957 2940 1114 3010 tamquam
1124 2950 1213 2991 sena·
1224 2902 1346 2943 '‘m''

175 3017 311 3093 ‘torem,
323 3015 377 3076 sed
392 3026 546 3095 tamquam
562 3034 646 3075 reum
667 3033 728 3093 qua
748 3014 876 3073 infelicis
895 3013 980 3090 belli,
1000 3034 1061 3094 qua
1081 3015 1212 3096 igrsomi-

176 3102 297 3162 ‘niosae
319 3100 414 3182 pacis.
458 3096 526 3178 Ego
549 3110 664 3173 tamen,
687 3099 811 3177 quando
836 3117 935 3179 neque
949 3098 989 3158 de
1008 3118 1089 3159 noxa
1109 3112 1215 3161 nostra

176 3187 189 3221 ⁴
203 3206 301 3265 neque
318 3185 355 3246 de
371 3204 462 3265 poena
476 3182 632 3259 retulistis,
646 3181 759 3244 omissa
775 3182 962 3259 defensione,
977 3202 1043 3261 quas
1056 3204 1119 3244 non
1135 3184 1214 3245 diffi-

177 3271 316 3333 ‘cillima
341 3282 420 3331 esset
446 3267 526 3351 apud
549 3267 633 3329 haud
657 3267 778 3347 ignaros
800 3266 990 3329 fortunarum
1015 3268 1214 3329 humanarum

177 3356 189 3391 ‘
203 3355 491 3433 necessitatumque,
503 3352 685 3414 sententiam
706 3352 744 3413 de
759 3372 808 3430 eo,
820 3353 858 3413 de
873 3371 933 3433 quo
944 3352 1100 3431 retulistis,
1111 3352 1215 3435 paucis

177 3444 357 3525 ‘peragant
379 3460 443 3519 qua
466 3438 619 3500 sententia
640 3438 729 3501 testis
755 3438 825 3514 erit,
845 3438 971 3516 mihine,
992 3458 1030 3498 an
1046 3438 1215 3519 legionibus
1297 3508 1304 3519 ⁶

176 3527 188 3562 ‘
202 3526 310 3589 vestris
322 3524 520 3608 pepercerim,
536 3544 629 3603 quum
644 3542 694 3585 me
710 3540 763 3586 seu
778 3524 858 3606 turpi
873 3543 926 3585 seu
936 3524 1107 3584 necessaria
1121 3542 1214 3606 spon·

207 3648 232 3683 ⁹⁰
246 3646 300 3695 Iati
314 3644 382 3708 cloes]
401 3644 472 3693 Lotus
486 3644 560 3693 eloam
576 3655 625 3693 erat
641 3654 678 3693 tu·
710 3644 772 3692 visun
794 3642 930 3692 annulorum
956 3660 1078 3704 suesorum
1100 3646 1214 3702 occunitz

175 3715 228 3763 nica
247 3712 366 3776 purpureis
387 3710 518 3773 quibusdam
542 3710 565 3757 in
585 3708 679 3757 modum
711 3725 754 3759 nec
772 3726 801 3757 cx
819 3710 862 3757 boc
878 3708 928 3756 loco
944 3710 1094 3771 colligendum
1113 3722 1149 3757 est
1164 3722 1216 3757 tuss

175 3779 299 3833 clauorum,
312 3776 384 3839 iisque
401 3774 453 3822 lstis
472 3786 496 3821 et
512 3776 601 3851 amplis,
617 3774 680 3821 orbi·
711 3774 814 3834 ssdgsres
823 3774 945 3821 admodum
955 3774 1038 3831 suine.
1066 3774 1122 3823 ms.
1133 3784 1215 3821 anm.

176 3843 230 3900 bus,
248 3841 286 3890 sel
303 3841 406 3895 intextis,
423 3837 461 3887 rel
482 3839 571 3898 insutu,
592 3850 679 3885 ornata.
711 3842 735 3889 5.
746 3841 774 3886 ad
785 3854 807 3887 c.
817 3842 857 3887 ld.
870 3838 936 3885 intra.

177 3908 249 3956 Lstus
269 3904 344 3954 clavus
363 3916 411 3953 erat
428 3914 558 3979 senatorum
577 3902 679 3964 insigne:
744 3902 768 3937 Β
793 3903 921 3951 Mensam
928 3932 1003 3951 .....
1018 3900 1217 3979 sgsptaswsnltit]

179 3970 415 4083 mffzuznffiapm
440 3980 570 4081 ltdlrsmriulusn
587 4046 682 4079 aureum
713 3966 801 4094 5313,
812 3965 1217 4094 (dffuinlrusdeonrsedlmrssegisstps‘srdz

179 4113 296 4150 senatores
316 4110 340 4147 et
359 4100 449 4163 equites
471 4096 585 4146 Romanos
608 4108 682 4157 geste·
714 4098 788 4145 iniens
807 4112 836 4144 cs
851 4094 940 4144 solenni
958 4111 1020 4143 mors
1038 4106 1144 4143 senssum
1161 4108 1217 4142 con·

179 4166 238 4215 rins
259 4176 355 4220 tonatst.
382 4164 423 4213 sed
449 4178 496 4210 non
521 4160 683 4209 vetustioribus
713 4162 811 4210 sulebss.
845 4162 896 4209 Cic.
912 4170 963 4224 post
981 4159 1081 4208 reditum
1102 4160 1130 4206 sd
1148 4156 1218 4211 Quis.

180 4310 226 4343 ann
251 4308 316 4343 orum
337 4308 477 4345 rsrrssununs
509 4310 523 4340 u
568 4323 577 4348 ,
841 4326 850 4349 ,
948 4306 975 4337 sc

180 4357 685 4482 antecesserunt:
715 4370 756 4467 ii.-
769 4354 1219 4485 tttf’,.:t·l.⁵:3'⁰.:.':5..3.'tt

181 4489 236 4540 dem
253 4488 299 4553 ipss
315 4488 366 4537 hae
381 4488 452 4553 prims
469 4489 556 4536 mentio
572 4486 631 4551 apud
647 4484 685 4533 n·-
716 4485 782 4532 croit.
