3175 5200
375 356 436 417 886
795 350 880 413 ΤΙΤΙ
898 351 1016 413 LIVIl.

208 523 347 577 umbus.
376 524 466 597 atque
481 510 608 576 inde'ex
622 512 691 574 loco
711 512 878 595 superiore,
897 512 948 595 qui
969 532 1065 595 prope
1087 530 1142 573 sua
1163 523 1278 595 sponte
1299 510 1333 575 in
1355 512 1427 577 bos·

208 592 351 645 ΝΜ·
376 612 440 665 tem
463 601 623 679 inferebat,
649 600 756 682 inpetu
778 599 872 677 lacto,
895 610 995 683 strage
1018 621 1055 661 ac
1077 600 1166 662 ruina
1180 600 1289 663 ludere
1303 597 1426 663 Gallos:

376 699 412 771 ut
426 708 591 769 numquam
613 698 722 770 postea
744 707 803 748 nec
828 707 910 770 pars,
936 708 995 750 nec
1016 687 1148 748 universi
1163 688 1353 751 tentaverint
1367 690 1427 751 tale

377 796 486 859 pugnae
500 794 606 854 genus.
649 772 773 835 Omissa
787 774 891 855 itaque
911 794 965 857 spe
980 795 1036 857 per
1050 773 1113 834 vim
1128 785 1220 855 atque
1236 795 1324 835 arma
1337 777 1427 837 sube-

378 862 464 940 undi,
484 861 676 923 obsidionem
696 871 827 943 parant:
850 858 936 942 cujus
962 860 1003 923 ad
1029 862 1063 923 id
1083 871 1205 943 tempus
1231 862 1426 943 inmemores,

378 961 421 1027 et,
446 948 531 1029 quod
556 948 588 1009 in
614 949 687 1011 urbe
711 947 821 1025 fuerat,
847 947 1033 1010 frumentum
1057 948 1244 1011 ”incendiis
1267 949 1351 1011 urbis
1372 952 1426 1013 ab·

380 1045 560 1114 sumserunt,
582 1049 615 1098 et
644 1056 684 1097 ex
705 1035 785 1117 agris
808 1055 863 1116 per
884 1035 967 1117 ipsos
990 1035 1055 1096 dies
1076 1047 1199 1118 raptum
1221 1056 1315 1098 omne
1334 1033 1427 1099 Veios

379 1133 455 1185 erat.
499 1118 607 1203 Igitur,
630 1123 768 1185 exercitu
791 1121 899 1201 diviso,
925 1122 1037 1204 partim
1057 1143 1114 1205 per
1132 1122 1284 1185 finitimos
1296 1125 1423 1207 populos

379 1208 506 1292 predari
535 1209 662 1292 placuit,
692 1209 805 1292 partim
835 1209 966 1271 obsideri
999 1228 1121 1286 arcem3
1152 1221 1188 1272 ut
1217 1210 1423 1273 obsidentibus

211 1303 339 1383 Populum·
379 1295 568 1359 immeritum
590 1296 786 1379 populatores
809 1315 950 1377 agrorum
973 1296 1155 1378 preberent.
1198 1294 1424 1359 Proficiscentes

212 1386 250 1418 “⁸
261 1370 321 1448 G³l¹¹
332 1384 357 1418 ¹³
379 1380 484 1445 Gallos
500 1384 539 1445 ab
561 1384 635 1446 urbe
659 1384 699 1445 ad
719 1382 892 1445 Romanam
907 1382 1126 1465 experiendam
1140 1382 1290 1445 virtutem
1305 1384 1426 1447 fortuma

211 1437 348 1563 ἕψω
380 1470 447 1553 ipsa
470 1469 615 1549 Ardeam,
639 1470 690 1531 ubi
716 1468 863 1531 Camillus
888 1470 1057 1547 exsulabat,
1084 1469 1193 1531 duxitr
1217 1472 1269 1551 qui
1290 1472 1428 1533 moestior

379 1558 421 1619 ibi
436 1557 558 1619 fortuna
572 1557 704 1639 publica,
725 1577 817 1638 quam
836 1577 901 1635 sua,
924 1578 1016 1639 quam
1035 1556 1103 1618 Diis
1124 1557 1360 1639 hominibusque
1376 1580 1428 1621 ac·

379 1644 520 1706 cusandis
547 1647 761 1722 ⁶7senesceret,
786 1642 979 1725 indignando
1005 1643 1204 1724 mirandoque
1228 1646 1280 1707 ubi
1304 1646 1348 1706 illi
1372 1646 1427 1707 viri

380 1742 491 1809 essent,
513 1731 564 1813 qui
580 1751 684 1793 secum
699 1729 793 1793 Veios
815 1730 1008 1812 Faleriosque
1023 1732 1188 1813 cepissent,
1203 1732 1254 1812 qui
1268 1731 1330 1793 alis
1345 1733 1426 1793 bella

380 1818 486 1879 fortius
517 1822 647 1901 seniper,
684 1838 775 1900 quarn
802 1818 931 1896 felicius,
962 1818 1146 1901 gessissent3
1179 1829 1300 1901 repente
1324 1818 1423 1897 audit,

380 1902 537 1969 Gallorum
552 1906 720 1967 exercitum
744 1904 919 1983 adventare,
943 1915 1035 1986 atque
1053 1904 1092 1967 de
1112 1926 1151 1966 eo
1171 1904 1290 1987 pavidos
1304 1904 1422 1967 Ardea·

381 2002 428 2053 tes
450 1992 632 2055 consultare.
658 2013 716 2054 nec
741 2012 828 2054 secus
848 2012 943 2074 quarn
958 1992 1062 2054 divino
1081 1992 1191 2074 spiritu
1205 2004 1312 2071 meurs,
1326 2012 1420 2073 quum

381 2099 415 2141 se
440 2077 472 2141 in
496 2078 628 2141 mediam
651 2079 834 2142 concionem
856 2078 1020 2158 intulisset,
1049 2079 1204 2143 abstinere
1226 2090 1326 2141 suenus
1350 2091 1422 2141 aute

381 2164 493 2227 talibus
509 2166 666 2245 conciliis3
742 2170 743 2173 ’

211 2260 352 2339 Admou-
423 2250 536 2316 XLIV.
572 2252 768 2333 ‘Ardeates'
800 2254 909 2335 inquit,
939 2254 1077 2317 ‘veteres
1104 2253 1207 2333 amici,
1233 2254 1307 2317 nori
1335 2254 1428 2319 etiam

211 2328 342 2405 maenum
380 2340 487 2403 ‘cives
502 2342 573 2420 mei,
596 2341 718 2421 quando
740 2352 772 2405 et
794 2354 928 2405 vestmm
943 2340 1125 2403 beneficium
1140 2343 1187 2403 ita
1201 2342 1284 2420 tulit,
1311 2354 1344 2405 et
1368 2343 1429 2407 for·

211 2394 326 2508 fflss:
380 2430 391 2462 ‘
406 2440 482 2489 tuna
496 2428 555 2489 hoc
577 2428 641 2509 egit
661 2450 741 2507 mea,
756 2450 848 2490 nemo
863 2440 995 2490 vestrum
1008 2428 1193 2491 conditionis
1209 2449 1286 2511 mere
1301 2430 1428 2493 oblimm

211 2522 299 2573 indat.
381 2516 456 2576 ‘me
472 2514 531 2575 buc
548 2516 729 2596 processisse
745 2526 852 2598 putet:
875 2516 930 2576 sed
950 2536 997 2577 res
1022 2536 1058 2576 ac
1081 2515 1250 2599 periculum
1266 2536 1429 2581 commune

376 2602 388 2636 ‘
404 2602 500 2682 cogit,
516 2602 597 2682 quod
612 2603 739 2684 quisque
751 2604 849 2686 possit
862 2603 894 2665 in
910 2625 942 2666 re
957 2604 1077 2685 trepida
1088 2603 1229 2686 praesidii,
1241 2603 1273 2663 in
1290 2605 1429 2668 medium

377 2687 552 2750 ‘conferre
595 2686 637 2750 Et
661 2689 783 2770 quando
807 2711 866 2772 ego
889 2690 976 2752 robis
996 2710 1053 2772 pro
1075 2691 1168 2752 tantis
1189 2690 1296 2752 vestris
1319 2691 1351 2752 in
1375 2715 1427 2754 me

376 2774 517 2836 ‘meritis
537 2775 668 2856 gratiam
693 2776 841 2853 referam,
859 2777 884 2836 si
911 2797 993 2840 nune
1014 2775 1186 2839 cessavero?
1210 2787 1264 2838 aut
1283 2777 1335 2837 ubi
1350 2797 1425 2839 usus

376 2860 461 2924 ‘erit
480 2861 540 2923 mei
555 2861 652 2940 vobis,
678 2862 704 2922 si
729 2863 762 2924 in
777 2863 860 2924 bello
874 2883 938 2925 non
954 2864 1063 2927 suerit?
1085 2861 1151 2924 Hac
1175 2874 1239 2925 arte
1263 2863 1295 2924 in
1319 2865 1423 2947 patria

376 2948 473 3011 ‘stati
485 2970 495 3026 3
519 2959 562 3028 et,
578 2949 707 3011 invictus
720 2949 813 3028 bello,
838 2949 870 3012 iu
896 2970 974 3033 pace
993 2952 1034 3013 ab
1059 2950 1182 3031 ingratis
1209 2950 1326 3012 civibus
1352 2952 1426 3032 pul·

375 3037 451 3098 ‘sus
478 3055 555 3099 sum.
612 3033 708 3098 Vobis
742 3049 857 3116 autem,
897 3037 1057 3117 Ardeates,
1086 3037 1208 3100 fortuna
1238 3036 1345 3099 oblata
1368 3048 1428 3116 est,

375 3123 434 3186 ‘et
457 3124 545 3205 ⁶⁸pro
566 3124 661 3186 tantis
686 3124 823 3207 pristinis
846 3124 950 3206 populi
972 3124 1105 3187 Romani
1127 3122 1294 3202 beneficiis,
1312 3135 1429 3205 quanta

374 3210 458 3292 ‘ipsi
488 3211 680 3290 meministis,
715 3209 786 3292 (nec
812 3213 895 3273 enirn
922 3211 1137 3293 exprobranda
1165 3211 1249 3294 apud
1273 3231 1426 3274 memores

374 3296 484 3378 ‘sunt)
511 3299 615 3379 gratie
645 3297 821 3376 referenda,
846 3310 880 3361 et
905 3299 978 3360 huic
1003 3299 1069 3360 urbi
1100 3299 1194 3360 decus
1214 3299 1325 3380 ingens
1355 3298 1427 3361 belli

375 3383 440 3446 ‘ex
462 3384 549 3447 hoste
574 3385 728 3448 communi
755 3386 907 3467 pariendi.
951 3385 1027 3456 Quae
1048 3385 1146 3448 effirso
1172 3385 1296 3466 agmine
1312 3385 1427 3448 adven·

375 3469 386 3502 ‘
401 3480 459 3546 tat,
474 3491 550 3550 gens
566 3482 623 3549 est,
645 3472 694 3533 cui
710 3484 821 3534 natura
835 3493 965 3555 corpora
987 3471 1166 3555 animosque
1185 3492 1301 3554 magna
1317 3473 1426 3554 magis,

375 3554 493 3635 ‘quarn
518 3557 616 3635 firma,
637 3557 765 3621 dederit.
788 3581 827 3621 eo
851 3559 883 3620 in
903 3571 1060 3622 certamen
1081 3579 1175 3621 omne
1197 3559 1266 3641 plus
1293 3559 1423 3635 terroris,

375 3641 493 3724 ‘quam
522 3643 643 3724 virium,
678 3643 791 3708 ferunt.
849 3644 1043 3728 Argumento
1071 3646 1112 3708 sit
1141 3645 1246 3708 clades
1276 3645 1426 3708 Romana.

375 3727 560 3811 ‘patentem
584 3752 693 3813 cepere
716 3733 824 3794 urbem
835 3755 846 3810 3
868 3754 908 3794 ex
922 3754 992 3794 arce
1008 3731 1223 3815 Capitolioque
1244 3733 1292 3794 his
1314 3732 1427 3814 exigua

375 3816 550 3880 ‘resistitur
580 3839 682 3881 muru.
724 3817 798 3880 Jam
828 3819 997 3882 obsidionis
1021 3820 1113 3882 tedio
1142 3819 1215 3882 victi
1246 3819 1428 3896 abscedunt,

375 3902 528 3986 ‘vagique
548 3925 602 3988 per
622 3905 731 3988 agrosh
756 3906 911 3990 palantur,
933 3907 1004 3970 cibo
1027 3907 1157 3987 vinoque
1178 3906 1290 3988 raptim
1315 3907 1428 3968 hausto

375 3987 519 4072 ‘repleti
575 3991 658 4055 Ubil
689 4013 752 4054 nox
778 3989 907 4082 adpetit
941 4014 1037 4076 prope
1068 3994 1148 4056 rivos
1179 4013 1337 4075 aquamm,
1359 3993 1428 4055 sine

376 4073 604 4158 ‘munimentq
619 4081 685 4142 sine
705 4079 888 4140 stationibus
912 4100 949 4141 ac
975 4081 1134 4158 eustodiis,
1159 4080 1274 4162 passim
1293 4080 1426 4141 ferarum

377 4159 389 4192 ‘
403 4161 462 4224 ritu
471 4177 658 4246 sternuntur,
670 4187 752 4230 nunc
762 4166 801 4228 ab
810 4167 952 4230 secundis
962 4169 1050 4230 rebus
1061 4167 1161 4250 magis
1172 4167 1268 4230 etiam
1277 4165 1367 4230 solito
1376 4164 1429 4226 in-

631 4274 1190 4341 temporaneis-mosomum.

408 4375 431 4412 ⁶⁶
447 4375 559 4428 Incrediir
575 4381 649 4446 urbis]
667 4383 719 4431 Vox
730 4383 791 4430 urbis
801 4382 884 4432 merito
946 4377 1431 4446 ⁶⁷·Some1ntoemrecomuseeret.

377 4441 468 4495 videtur
494 4445 611 4494 Gronorio
637 4449 778 4500 mutanda:
812 4463 884 4516 quam
946 4443 1049 4496 ΜΡΝ
1059 4447 1434 4512 urmpmtmpopaultmi

376 4509 625 4580 praenuntiamus.
715 4575 717 4580 y
783 4577 787 4582 Ι
840 4593 844 4598 .
873 4579 876 4582 ἢ
915 4509 1364 4584 ὑαιᾳῖςίὶε1Ῡιὼωρηιν.9,Ιθ,11.
