3175 5200
494 405 658 482 ulum.
682 409 765 474 CAR
777 409 867 474 XXI.
1138 421 1197 482 att

149 562 188 626 ad
213 561 339 628 delubra
351 559 468 646 vars,-
483 566 653 652 hospitium
671 566 828 632 flominum
851 563 1081 657 Vestaliumque
1101 573 1144 638 ab
1161 595 1194 640 se
1208 583 1242 638 n.
1253 585 1283 638 c.
1294 588 1352 640 tta.

150 659 232 728 caste
246 673 282 714 ac
297 651 435 738 religiose
449 651 565 720 crdtum
580 655 775 720 invocabant.
820 658 846 698 ¹⁴
855 655 866 690 ‘
875 655 961 722 Pane
974 661 1112 742 meritos,
1127 682 1194 726 cre·
1204 653 1238 704 Α·
1248 651 1279 706 ⁰·
1288 653 1346 705 ³³⁰·

148 735 160 767 ‘
175 735 260 801 deret
283 739 452 820 quisquam,
476 739 579 802 hostes
603 752 729 824 repente
743 743 809 804 sine
824 763 932 806 caussa
945 742 1064 808 iactos?
1089 761 1152 827 aut,
1167 750 1192 811 si

148 819 246 905 ‘quid
271 823 422 888 hostiliter
444 823 597 904 fecissent,
615 826 743 889 consilio
761 827 795 889 id
818 830 928 911 magis,
943 851 1035 913 quam
1058 834 1083 872 ¹⁸
1094 832 1193 896 furore

147 905 159 939 ‘
173 908 285 992 lapsos,
300 907 419 989 fecisse,
433 923 468 974 ut
480 932 534 973 sua
544 912 815 990 veterabeneficia,
826 914 929 977 locata
938 918 1102 998 prasertim
1114 919 1195 1001 apud

148 991 236 1056 ‘tarn
251 1007 365 1078 gratos,
380 997 465 1059 novis
476 1010 709 1082 conmmperent
720 997 893 1062 malefidis?
910 999 1128 1085 florentemque
1138 1023 1196 1086 po-

146 1078 158 1112 ‘
171 1079 275 1164 pulurn
290 1079 462 1145 Romamn]
479 1104 514 1146 ac
530 1081 736 1147 felicissimum
751 1082 833 1146 bello
846 1084 903 1146 sibi
919 1085 1112 1152 desumerent
1124 1090 1195 1151 hos-

147 1164 158 1199 ‘
172 1178 245 1246 tem,
257 1165 342 1249 cujus
354 1169 468 1232 adflicti
481 1169 648 1234 amicitiam
666 1169 840 1252 cepissent?
864 1191 903 1232 ne
918 1170 1108 1255 adpellerent
1122 1195 1197 1238 con·

146 1251 158 1284 ‘
172 1251 284 1334 silium,
299 1275 364 1336 quse
374 1255 419 1317 vis
435 1277 473 1318 ac
486 1256 650 1319 necessitas
665 1257 849 1340 adpellanda
858 1268 947 1319 esset
989 1257 1197 1324 Transeuntes

145 1335 157 1370 ‘
171 1339 292 1422 agmine
308 1339 418 1404 infesto
433 1363 486 1424 per
502 1363 608 1426 agrum
619 1363 706 1406 auum
718 1340 966 1424 Tarquinienses,
981 1365 1075 1426 quum
1088 1357 1198 1429 praeter

146 1424 250 1488 ‘viam
275 1425 351 1490 nibil
375 1427 534 1510 petissent,
558 1429 685 1492 traxisse
709 1430 859 1510 quosdam
873 1430 1049 1512 agrestium,
1065 1433 1197 1516 popula·

145 1509 157 1543 ‘
172 1511 264 1575 tionis
278 1511 354 1595 ejus,
375 1534 440 1596 quae
455 1514 511 1577 sibi
526 1515 647 1578 crimini
668 1512 766 1594 detur,
781 1515 922 1578 comites.
965 1514 1037 1594 Eos,
1052 1537 1106 1578 seu
1124 1517 1195 1580 dedi

145 1597 157 1630 ‘
171 1597 301 1680 placeat,
317 1599 426 1662 dedere
441 1621 474 1662 se
488 1613 613 1686 paratos
628 1621 692 1664 esse
700 1623 710 1678 ;
727 1621 780 1662 seu
791 1601 939 1684 supplicio
950 1601 1053 1681 adfici,
1068 1602 1194 1666 daturos

144 1683 156 1715 ‘
170 1705 284 1768 poenas.
329 1687 354 1725 ¹⁸
365 1683 459 1764 Caere,
471 1685 635 1749 sacrarium
650 1687 754 1769 populi
768 1683 911 1764 Romani,
926 1686 1129 1750 deversorium
1143 1709 1193 1749 sa·

144 1769 154 1802 ‘
170 1769 338 1849 cerdotum,
349 1791 385 1834 ac
404 1772 626 1854 receptaculum
642 1769 851 1834 Rornanorum
865 1792 1030 1850 sacrorum,
1041 1773 1192 1837 intactum

142 1854 155 1886 ‘
169 1855 404 1940 inviolatumque
415 1857 539 1920 crimine
550 1857 633 1938 belli,
646 1859 778 1942 hospitio
786 1855 956 1921 Vestalium
966 1859 1115 1941 cultisque
1123 1859 1191 1922 Diis

143 1940 155 1974 ‘
169 1941 296 2005 darent'
309 1939 411 2006 Movit
419 1945 565 2028 populum
573 1966 637 2007 non
651 1956 715 2007 tarn
728 1965 836 2007 caussa
848 1965 990 2027 prosena,
999 1965 1092 2026 quam
1103 1957 1190 2007 vetus

142 2027 296 2108 meritum,
304 2040 340 2091 ut
349 2029 502 2108 maleficii,
512 2051 602 2113 quam
612 2028 763 2108 beneficii,
772 2031 874 2111 potius
883 2031 1067 2092 inmemores
1076 2041 1188 2093 essent.

111 2164 113 2168 Α
141 2111 248 2196 ltaque
268 2135 329 2198 pax
349 2117 463 2200 populo
478 2113 579 2179 Caeriti
594 2115 676 2194 data,
693 2115 890 2197 induciasque
904 2116 936 2177 in
951 2127 1075 2178 centum
1090 2137 1187 2178 annos
1198 2127 1282 2180 rma
1291 2130 1338 2182 tu.

142 2198 240 2262 factas
255 2200 286 2261 in
298 2194 592 2264 senatusconsultum
607 2200 711 2264 referri
722 2201 848 2284 placuit.
874 2197 911 2262 ln
921 2199 1066 2279 Faliscos,
1078 2202 1186 2264 eodem
1197 2205 1300 2286 ΡΨ·
1339 2237 1344 2246 -

142 2285 248 2348 noxios
262 2287 398 2366 crimine,
412 2287 457 2349 vis
471 2287 542 2350 belli
558 2307 703 2352 conversa
713 2299 775 2350 est:
797 2285 851 2349 sed
862 2287 966 2350 hostes
976 2307 1124 2370 nusquam
1137 2287 1186 2351 ine
1197 2273 1352 2389 f'h'ffld·

140 2373 234 2434 venti.
278 2371 379 2444 Quum
390 2372 587 2458 populatione
597 2373 749 2456 peragrati
760 2371 836 2435 fines
851 2385 963 2452 essem,
976 2373 1016 2436 ab
1027 2375 1186 2458 obpugna·
1197 2355 1258 2454 ἃ

141 2457 224 2520 tione
249 2459 367 2523 urbium
391 2470 614 2543 temperatum:
639 2459 867 2542 legionibusque
889 2457 1020 2522 Romam
1043 2459 1187 2538 reductis,

141 2543 287 2628 reliquum
313 2545 384 2609 antri
411 2547 503 2609 muris
525 2544 715 2629 turribusque
737 2545 906 2633 reficiendis
929 2556 1134 2625 consumtum,
1155 2558 1188 2613 et

141 2632 219 2693 aedes
235 2630 385 2716 Apollinis
400 2632 543 2695 dedicata
557 2644 614 2695 est.

181 2716 268 2779 XXI.
290 2716 437 2781 Extremo
460 2738 542 2781 antro
565 2716 691 2781 comitis
707 2719 880 2781 consularia
892 2732 1047 2783 certamen
1063 2720 1185 2785 Patntm
1198 2748 1326 2801 nami.

139 2825 175 2881 ac
190 2804 287 2887 plebis
298 2804 432 2883 diremit,
447 2804 576 2869 tribunis
587 2806 769 2887 negantibus
781 2826 923 2887 passuros
934 2807 1061 2870 comitia
1070 2807 1186 2887 haberi,
1198 2815 1227 2863 de
1238 2815 1342 2865 mua

138 2889 170 2950 ni
185 2890 350 2952 secundum
367 2888 517 2953 Liciniam
533 2890 631 2973 legem
647 2891 830 2955 haberentur
837 2913 848 2970 ς
866 2892 1014 2955 dictatore
1029 2894 1185 2959 obstinato
1197 2891 1225 2930 ‘¹²
1235 2880 1332 2944 lim·

138 2973 243 3053 tollere
254 2976 353 3059 potius
363 2989 464 3040 toturn
475 2999 492 3038 c
503 2976 657 3059 republica
665 2976 870 3056 consulatum,
878 2997 970 3059 quam
979 2980 1184 3061 promiscuum

139 3058 277 3122 Patribus
300 3082 336 3122 ac
359 3062 441 3144 plebi
465 3061 575 3123 faeere.
619 3058 808 3123 Prolatandis
828 3062 920 3143 igitur
944 3063 1076 3125 comitiis
1092 3085 1185 3145 quum

139 3144 272 3209 dictator
286 3167 317 3207 m
359 3146 466 3209 ‘stratu
482 3146 604 3224 abisset,
619 3167 666 3207 res
682 3146 721 3208 ad
733 3148 939 3227 interregnum
954 3148 1054 3209 rediit.
1087 3146 1185 3211 inies·

139 3242 204 3294 tum
229 3231 300 3293 inde
319 3168 465 3294 &utribus
487 3231 608 3313 plebem
629 3230 795 3313 interreges
817 3251 910 3313 quum
931 3234 1130 3314 accepissent,
1145 3235 1186 3297 nd

139 3316 332 3379 undecimum
346 3316 527 3398 interregem
543 3315 742 3377 seditionibus
758 3327 907 3378 certaturm
923 3327 978 3379 est.
1022 3315 1115 3399 Legis
1131 3316 1185 3381 la'·

138 3402 224 3465 ciniae
234 3403 437 3487 patrocinium
447 3402 558 3463 tribuni
563 3400 734 3483 jactabant.
746 3398 873 3483 Propior
879 3401 966 3464 dolor
974 3403 1054 3486 plebi
1062 3404 1187 3467 foenoris

139 3490 371 3571 ingravescentis
383 3501 462 3551 erat:
481 3490 506 3535 ¹⁷
515 3508 651 3568 curaeque
681 3487 782 3549 rivatae
792 3488 825 3549 in
834 3489 1050 3551 certaminibus
1059 3491 1188 3573 publicis

139 3576 348 3660 erumpebant.
392 3574 528 3645 Quorum
544 3572 633 3635 toedio
652 3509 755 3635 lintres
770 3570 806 3635 1..
821 3572 995 3637 Cornelium
1011 3572 1187 3659 Scipionem

138 3662 319 3743 interregem
334 3660 504 3725 concordia
519 3680 627 3723 caussa
641 3660 799 3723 observare
812 3660 912 3741 legem
927 3658 1075 3725 Liciniam
1091 3662 1187 3727 comi·

173 3932 193 3966 ¹⁴
210 3928 272 3981 Em
290 3930 387 3997 sumito]
409 3930 449 3980 An
473 3931 567 4009 credere
584 3931 646 3994 quis·
678 3930 782 4008 babendo
800 3928 919 3982 inam
939 3928 970 3980 sb
991 3930 1050 3981 illati
1065 3930 1121 3981 balii
1141 3933 1187 3983 eri·

138 3995 646 4121 ffiuffii‘iim‘i'nduciiffifflss
677 4009 757 4099 'miii
771 4056 986 4136 wlpra-re]
1004 4058 1185 4139 cesama

140 4142 164 4177 re
195 4128 295 4178 ntesins
306 4127 473 4177 transactos?
676 4138 715 4175 res
740 4125 770 4174 ds
790 4134 882 4189 pnsstrs
908 4126 1059 4175 ncommods
1079 4140 1186 4189 omnpo-

165 4144 560 4259 ffilum1c2prtsetslisnnu
577 4206 643 4240 men·
675 4188 732 4239 bant
760 4189 784 4237 in
813 4187 976 4237 certaminibus
1003 4189 1033 4238 ds
1060 4189 1184 4253 republica.

140 4257 209 4305 tibus.
676 4254 768 4319 Nempe
789 4254 840 4301 odia
859 4253 1002 4317 plebeiorum
1018 4254 1127 4303 advertus
1142 4270 1183 4317 pn-

176 4319 196 4354 ¹⁰
224 4320 645 4374 Cere....intnctun....erimino
675 4317 893 4373 unioescsrblom
911 4326 982 4381 atqua
1002 4320 1184 4369 mnemi-

141 4386 202 4446 tells,
219 4384 308 4446 bospitio
322 4387 435 4443 castolium
447 4421 454 4436 .
465 4421 472 4436 .
482 4387 572 4450 darent]
595 4386 646 4436 stl-
678 4402 708 4435 na
718 4382 867 4463 partiendum
878 4382 992 4461 indebant
1005 4384 1108 4447 private,
1126 4398 1182 4449 qun

140 4464 193 4499 ram
208 4459 343 4513 moneant
359 4450 471 4501 ceritum
489 4452 605 4506 cirintsm
621 4451 646 4501 in
677 4452 707 4501 sb
717 4451 762 4502 ulls
771 4447 926 4515 patiebantur,
932 4448 1031 4516 injuris.

139 4516 237 4579 ‘mim
245 4512 335 4585 Pl'aebffi
344 4515 467 4583 Vfflbffl
477 4515 580 4582 hoepiffi,
595 4532 646 4568 em
