3175 5200
511 339 879 439 mmmm
1169 390 1224 452 m

186 537 197 571 ‘
212 530 325 609 Valerii
332 531 424 611 fidem
433 532 645 597 exsolverentz’
654 534 767 597 instare
777 530 918 610 Claudio,
932 532 1132 617 “utcollega
1139 534 1224 601 Deos
1238 552 1270 603 υ.
1281 552 1310 605 c.
1320 558 1377 607 aar.

187 621 198 653 ‘
213 618 323 685 Manes
330 621 434 683 fraude
449 621 601 699 liberaret,
615 622 665 703 agi
677 621 716 683 dc
730 622 799 703 lege
813 617 945 683 sineret!
974 619 1097 701 Comari,
1112 625 1122 657 ‘
1136 636 1223 688 ante·
1235 623 1266 671 A.
1276 620 1304 670 0
1314 624 1371 673 ⁴⁵⁸·

188 706 198 738 ‘
213 728 304 788 quam
319 708 468 791 collegam
482 708 538 769 sibi
554 704 767 789 subrogasset'
791 727 904 787 negare
919 707 929 739 ‘
944 728 1102 789 passumm
1117 713 1167 794 agi
1183 713 1222 775 de

187 792 300 875 ‘lega'
330 793 388 857 Hae
409 807 534 857 mouere
554 795 765 857 contentiones
779 814 874 874 usque
889 792 930 854 ad
951 796 1077 859 comitia
1091 800 1222 863 consulis

186 881 377 963 subrogandi.
392 880 553 943 Deccmbri
560 901 675 961 mense,
686 900 806 958 summo
812 878 936 941 Petrum
946 882 1058 960 studio,
1065 880 1101 943 L.
1107 883 1222 955 Quinc·
1234 900 1354 951 sauream

187 966 247 1027 tius
262 967 470 1047 Cincinnatus,
486 981 574 1050 pater
588 966 735 1045 Kaesonis,
760 966 866 1028 consul
886 978 1016 1046 creamr,
1036 970 1086 1049 qui
1108 973 1220 1053 magis·
1233 966 1362 1047 V²¹‚‘¹l⁰‚L·

188 1063 301 1116 nabun
321 1056 425 1117 statim
453 1054 649 1138 occipereret.
681 1052 822 1115 Perculsa
839 1063 908 1115 erat
928 1053 1043 1136 plebes,
1066 1059 1220 1121 consulem
1233 1031 1363 1087 oomnis.

187 1138 328 1203 habitura
339 1142 460 1219 iratum,
474 1153 633 1224 potentem
648 1140 751 1203 favore
763 1138 897 1220 Patmm,
922 1142 1033 1203 virtute
1047 1164 1111 1222 sua,
1126 1146 1221 1207 tribus

186 1225 297 1305 liberis,
317 1248 444 1311 quorum
466 1248 560 1303 ,nemo
582 1226 704 1290 Kasoni
724 1226 855 1289 cedebat
877 1229 1088 1309 magnitudine
1107 1232 1219 1311 animi3

185 1314 397 1379 consiliumet
420 1315 545 1377 modum
576 1314 757 1393 adhibendo,
782 1315 835 1375 ubi
861 1335 908 1375 res
932 1327 1082 1397 posceret,
1105 1318 1222 1399 priores

185 1412 282 1463 erant.
309 1399 349 1480 ls,
364 1411 399 1463 ut
408 1402 619 1485 magistratuum
639 1400 717 1479 iniit,
742 1400 869 1462 assiduis
882 1401 1079 1503 concionibus
1089 1424 1145 1486 pro
1164 1407 1221 1467 tri-

184 1486 380 1637 Putitii
392 1488 1220 1658 tribunitiirtgtssttltsstiffilnit

183 1659 1220 1831 1uhtslliulnnlnuumuutmutu

184 1833 264 1895 ‘suo
277 1793 430 1913 virtutem,
454 1834 668 1912 constantiam,
686 1835 791 1897 omnia
806 1833 973 1916 juventutis
987 1836 1058 1899 belli
1075 1837 1222 1919 domique

183 1920 195 1952 ‘
209 1918 321 1993 decora
336 1921 423 2002 pulsa
432 1922 552 1985 exurbc
561 1919 740 1983 Romanaet
751 1922 858 2003 fugata
870 1940 945 1985 csse.
967 1923 1122 2006 loquaces,
1137 1926 1220 1987 sedi-

183 2006 315 2085 ‘tiosos,
335 2006 702 2086 seminadiscordiamm,
724 2009 833 2071 iterum
856 2012 908 2070 ac‘
932 2011 1055 2075 tertium
1082 2011 1384 2093 tribunosmffl,

183 2094 346 2175 ‘pessimis
356 2095 471 2157 artibus
481 2094 818 2181 reginlicentiavivere.⁸
847 2093 898 2157 A?
911 2096 1021 2178 inquit,
1040 2095 1218 2181 ‘illeVirgi·
1228 2107 1341 2157 mbaooe.

138 2179 142 2185 '
183 2182 194 2215 ‘
209 2180 287 2257 nius,
303 2181 374 2262 quia
389 2182 421 2242 in
433 2180 585 2263 Capitolio
600 2202 660 2243 non
677 2181 746 2260 fuit,
760 2182 862 2245 minus
879 2184 1029 2266 supplicii,
1050 2205 1142 2265 quam
1156 2185 1217 2269 Ap.

182 2246 392 2345 ‘llerdoniuq
417 2267 546 2329 meruit?
578 2268 646 2350 plus
666 2267 786 2331 berculc
807 2270 974 2352 aliquanto,
996 2271 1131 2351 quivere
1152 2294 1217 2335 rem

182 2353 192 2385 ‘
207 2352 353 2415 estimare
361 2354 443 2433 velit.
486 2352 669 2434 Herdonius,
685 2355 709 2415 si
725 2355 801 2417 nibil
813 2356 906 2434 aliud,
915 2358 1034 2419 hostem
1043 2379 1075 2419 se
1090 2357 1218 2421 fatendo

181 2440 301 2523 ‘prope
317 2439 521 2519 denunciavit,
543 2452 577 2503 ut
591 2462 676 2503 arma
697 2444 866 2523 caperetis:
889 2443 951 2521 hic,
973 2444 1115 2525 negando
1137 2446 1218 2507 bella

181 2527 192 2559 ‘
208 2547 283 2605 esse,
300 2548 384 2589 arma
398 2527 482 2589 vobis
497 2527 623 2605 ademit,
633 2527 788 2609 nudosque
804 2529 895 2589 servis
905 2531 1012 2591 vestris
1022 2541 1055 2591 et
1064 2531 1218 2593 exsulibus

181 2612 329 2695 ‘objecit
358 2613 481 2715 ‘Ettvos
499 2613 552 2714 lC.
569 2613 687 2714 Claudii
702 2635 789 2714 pace,
809 2613 1144 2717 ⁰t.p·V‘¹.¹⁶¹'³i.¹¹¹9‘⁰¹⁵
1168 2619 1216 2680 io-

179 2699 1215 2873 1tttbtltsltlttittbldissimillimi&

142 2911 145 2918 ·
179 2873 295 2954 ‘quum
310 2870 414 2937 hostes
428 2874 460 2936 in
472 2895 551 2953 arce,
569 2874 599 2934 in
613 2872 768 2956 Capitolio
784 2886 898 2952 essent,
917 2875 1055 2938 exsulum
1070 2889 1103 2939 et
1114 2898 1214 2940 servo-

178 2959 188 2992 ‘
203 2980 269 3020 rum
285 2958 356 3038 dux,
378 2960 547 3041 profanatis
562 2961 712 3039 omnibus,
728 2961 758 3021 in
775 2961 852 3023 cella
865 2960 950 3024 Jovis
963 2963 1074 3044 optimi
1088 2965 1214 3028 maximi

177 3044 364 3123 ‘habitaret,
383 3045 508 3109 'fusculi
537 3057 619 3121 ante,
641 3065 731 3126 quam
754 3046 870 3125 Romae,
900 3059 1001 3110 sumta
1030 3061 1102 3110 sunt
1120 3071 1215 3112 arma.

178 3127 240 3190 ‘ln
256 3129 348 3191 dubio
373 3131 440 3208 fuit,
464 3143 566 3192 utrum
581 3129 617 3191 L.
632 3129 788 3193 Mamilius
811 3132 1002 3195 Tusculanus
1022 3135 1095 3196 dux.
1120 3156 1159 3196 an
1181 3135 1214 3196 P.

117 3243 122 3256 ·
178 3212 339 3279 ‘Valerius
366 3225 398 3276 et
421 3215 456 3277 C.
472 3215 616 3277 Claudius
631 3216 770 3277 consules
792 3215 965 3280 Romanam
983 3240 1085 3280 arcem
1104 3219 1215 3281 libera-

178 3302 188 3334 ‘
203 3311 293 3364 rent:
321 3301 416 3381 etqui
432 3311 502 3362 ante
515 3297 652 3377 Latinos,
667 3321 705 3362 ne
720 3321 777 3382 pro
791 3323 824 3362 se
837 3302 961 3383 quidem
971 3304 1055 3386 ipsis,
1079 3324 1171 3385 quum
1183 3306 1215 3368 in

177 3387 310 3450 ‘finibus
320 3387 438 3449 hostem
448 3387 605 3449 haberent.
621 3386 779 3467 adtingere
788 3390 962 3471 armapassi
974 3411 1099 3469 sumus3
1122 3412 1213 3471 nunc,

177 3475 261 3538 ‘nisi
277 3471 379 3536 Latini
394 3495 448 3538 sua
463 3484 574 3558 sponte
589 3493 674 3534 arma
688 3473 876 3553 sumsissent,
894 3478 977 3559 capti
993 3489 1025 3540 et
1037 3477 1131 3541 deleti
1146 3499 1216 3541 era·

176 3561 277 3624 ‘mus
314 3559 384 3622 Hoc
400 3573 458 3640 est,
473 3559 596 3636 tribuni,
617 3558 762 3621 auxilium
778 3560 858 3643 plebi
884 3563 970 3642 ferre,
985 3564 1131 3628 inermem
1145 3587 1215 3628 eam

175 3648 187 3681 ‘
201 3648 282 3710 hosti
298 3646 510 3710 trucidandam
525 3644 678 3728 objicere?
696 3643 832 3727 Scilicet,
847 3650 873 3710 si
888 3651 954 3731 quis
976 3653 1061 3714 vobis
1078 3652 1213 3714 humilli-

175 3735 185 3769 ‘
200 3757 266 3798 mus
281 3734 374 3796 homo
389 3733 427 3796 de
441 3744 541 3795 vestra
554 3732 652 3815 plebe,
672 3731 775 3815 (quam
787 3747 918 3817 partem,
929 3738 1034 3800 uelutu
1054 3738 1214 3820 abruptam

174 3821 335 3900 ‘acetcro
348 3821 472 3903 populo,
492 3831 625 3882 vestram
643 3821 774 3903 patriam
789 3823 1033 3905 peculiaremque
1049 3825 1215 3907 rempubli-

174 3907 267 3972 ‘cam
284 3907 410 3989 fecistis)
422 3901 448 3970 si
459 3907 526 3990 quis
535 3927 574 3968 ex
587 3906 634 3968 his
649 3907 773 3971 domum
789 3930 875 3973 suam
890 3909 1045 3972 obsessam
1067 3931 1087 3972 a
1101 3910 1217 3972 familia

366 4077 619 4142 taquamcm.
849 4081 1020 4131 musaea
1067 4060 1087 4096 '·

204 4193 226 4226 ⁸⁵
245 4167 546 4260 urmugaum'mms
559 4192 674 4244 Utrolle·
706 4209 763 4244 esre.
807 4196 845 4247 Sic
865 4196 963 4245 Terent.
996 4193 1087 4244 neor.
1108 4195 1162 4243 Act.
1183 4206 1216 4246 tt.

172 4266 222 4315 garn
233 4271 348 4308 mmuum
358 4260 444 4308 fraudis
453 4259 548 4308 crimine
563 4260 676 4317 liberaret,
705 4275 737 4308 ac.
757 4263 781 4310 2.
797 4278 821 4310 r.
840 4265 878 4311 le.
894 4277 940 4310 neo
954 4262 1041 4323 patri..
1052 4261 1143 4338 ..epm
1155 4276 1217 4308 aare

171 4323 554 4438 &duibuldus
595 4388 676 4452 μω.
705 4326 834 4440 wit*
852 4326 981 4442 nuqua
1001 4339 1216 4442 unffi

170 4451 367 4528 dereperfundcr,
384 4469 456 4518 quum
473 4407 617 4516 cogitoidi‘oe
634 4455 676 4502 bo·
707 4405 809 4520 empuis
835 4405 873 4454 qm
976 4407 1006 4456 1¹²¹

171 4529 290 4584 niuesque
309 4518 368 4570 tanti
392 4519 470 4584 flagitii
494 4519 560 4574 achis
577 4521 677 4574 connisa
