3175 5200
516 395 593 458 mu
614 351 739 455 tecue.
758 381 826 453 vn.
1164 397 1199 456 ts
1230 369 1237 409 ³

152 567 244 635 quum
270 567 358 612 avum
383 565 485 630 regem
505 547 698 626 salutassent,
721 559 825 610 secuta
847 565 886 608 ex
900 533 984 609 oinni
1004 545 1200 611 multitudiue

153 637 343 700 consentiens
373 657 433 698 vox
461 647 559 698 ratum
590 655 701 697 nomen
735 633 954 716 imperiumque
995 635 1058 715 regi
1085 635 1198 698 effecita

152 721 200 786 lta
236 721 390 784 Numitori
424 721 545 785 Albana
572 721 719 804 permissu
747 741 789 797 re,
819 719 981 782 Romulum
1009 720 1198 804 Remumque
1210 770 1282 819 Urba

152 809 368 893 cupidoeepit,
393 808 424 869 u
449 808 485 869 as
500 807 585 885 rous,
608 807 659 869 uui
676 805 817 888 expone,
835 805 946 887 unque
967 788 1358 888 muurremu„„„⁰22,;.

150 897 233 963 urbis
247 895 434 971 condendae3
459 905 491 957 et
518 897 545 932 ⁴⁸
563 903 724 976 supererat*
742 890 908 954 multitudo
930 891 1113 956 Albanorum
1136 892 1197 956 Le·
1209 901 1284 952 dium
1294 898 1365 969 eupi-¹

153 965 363 1064 tinorumque3
385 981 426 1043 ud
447 981 480 1042 id
494 992 630 1064 pastores
653 999 771 1060 quoque
797 990 998 1056 accesserunt,
1020 980 1069 1060 qui
1093 1000 1199 1043 omnes
1209 979 1261 1017 m·

152 1069 240 1131 facile
268 1088 353 1151 spem
380 1067 527 1143 facerent,
565 1085 689 1148 parvam
726 1063 852 1144 Album,
891 1084 1015 1146 parvum
1043 1063 1200 1128 lavinium
1263 1082 1266 1086 ·

150 1175 272 1239 prteea
292 1155 377 1232 urbe,
401 1171 467 1235 quae
490 1151 679 1228 conderetur,
704 1150 780 1212 lore.
831 1149 999 1213 intervenit
1021 1150 1130 1214 deiude
1153 1153 1201 1214 his

152 1240 389 1322 cogitationibus
413 1238 528 1300 avitum
551 1237 676 1313 mulum,
698 1236 782 1318 regni
798 1236 919 1319 cupido,
943 1247 1035 1317 atque
1056 1236 1127 1299 inde
1144 1237 1201 1299 loe-
1268 1317 1272 1324 Ι

152 1327 230 1390 dum·
255 1337 410 1388 certamen
439 1334 577 1386 coortum
601 1343 621 1384 s
648 1323 722 1384 satis
749 1321 816 1384 miti
844 1321 1041 1404 “principio
1054 1321 1072 1384 ¹.
1117 1323 1202 1394 Quo·

150 1414 236 1475 uiam
249 1411 364 1493 gemini
384 1421 496 1489 essent,
520 1427 575 1470 nec
594 1408 692 1471 teletis
715 1407 895 1470 verecundia
917 1407 1079 1470 discrimen
1102 1409 1203 1472 faeere
1269 1402 1273 1410 ’

151 1510 267 1583 posset,
283 1508 318 1560 ut
339 1495 404 1573 Dii,
418 1513 543 1578 quorum
559 1495 659 1557 tutelae
681 1513 718 1555 ea
741 1493 809 1556 loca
831 1506 943 1573 esseut,
964 1494 1095 1576 tuguriis
1118 1495 1202 1577 lege-
1269 1492 1275 1501 ”

152 1597 232 1665 rent,
257 1585 308 1666 qui
334 1603 444 1645 nomen
468 1601 552 1643 novae
573 1579 639 1642 urbi
653 1579 750 1659 daret,
764 1580 816 1661 qui
831 1579 988 1644 conditam
1003 1581 1130 1663 imperio
1153 1603 1202 1644 re·
1271 1577 1276 1583 ’

152 1683 248 1753 geret,
263 1667 412 1733 Palatium
425 1667 441 1708 ¹¹
454 1665 609 1746 Romulus,
625 1665 737 1730 Remus
750 1665 938 1730 Aventinum
956 1667 997 1729 ad
1016 1665 1201 1748 inauguran-

153 1758 267 1820 dum⁴⁵
283 1755 399 1838 templa
412 1754 547 1837 capiunt.
617 1787 621 1794 ·

194 1840 265 1905 vn.
288 1841 383 1904 Priori
407 1839 505 1904 Remo
528 1839 684 1922 augurium
711 1839 828 1903 venisse
852 1840 957 1920 fertur,
978 1839 1200 1904 sexvulturest

147 1927 283 2013 jamque,
309 1927 453 1990 nunciato
480 1927 614 2009 augurio,
642 1947 734 2009 quum
764 1927 876 2010 duplex
903 1947 1043 1990 uumerus
1071 1927 1203 1990 Romulo

151 2037 184 2078 se
207 2014 400 2092 ostendisset,
420 2023 580 2094 utrumque
601 2023 703 2095 reg'em
726 2035 781 2076 sua
805 2014 968 2077 multitudo
991 2013 1201 2077 consalutave-
1270 2011 1274 2016 ’

152 2113 218 2180 rat;
241 2104 269 2141 ⁴‘
283 2113 421 2184 tempore
445 2099 487 2161 illi
507 2111 668 2182 precepto,
689 2111 722 2162 ut
745 2100 925 2162 hi'numero
944 2100 1056 2178 avium,
1076 2117 1201 2182 regnum

150 2189 326 2250 trahebant.
380 2185 465 2263 lude,
494 2205 564 2246 cum
588 2184 785 2246 altercatione
808 2187 973 2267 congressi,
993 2189 1020 2232 ⁴7
1036 2187 1202 2267 certamine
1215 2226 1328 2279 Remus

152 2274 265 2334 irarum
288 2274 329 2334 ad
352 2272 466 2334 caedem
479 2282 646 2332 vertuntur.
670 2270 712 2332 ibi
732 2271 764 2330 in
785 2272 875 2332 turba
893 2272 972 2333 ictus
987 2268 1100 2332 Remus
1121 2273 1283 2344 ceci-snus
1293 2297 1355 2346 oseis

153 2359 211 2421 dit.
233 2357 396 2440 Vulgatior
409 2356 492 2418 lama
504 2368 561 2434 cst,
579 2356 708 2418 ludibrio
722 2355 823 2418 fratris
837 2356 967 2419 Remum
982 2378 1077 2419 novos
1091 2358 1202 2420 transi·
1211 2357 1282 2410 nitu.

152 2444 244 2506 luisse
264 2461 386 2506 muros:
415 2443 486 2504 inde
511 2444 550 2503 ab
572 2443 652 2503 ir'sto
675 2439 807 2504 Romulo
834 2442 940 2525 (quum
961 2444 1059 2506 verbis
1083 2462 1202 2526 quoque

152 2532 340 2615 increpitans
353 2529 524 2613 adjecisset,
544 2528 554 2561 ‘
568 2526 619 2589 Sic
634 2527 753 2607 deiude,
770 2529 950 2613 quicumque
963 2530 1039 2592 alius
1051 2530 1203 2595 transiliet

151 2618 268 2681 moenia
289 2614 381 2697 mea')
403 2615 605 2679 interfectum.
649 2613 699 2678 Ite
716 2616 795 2678 solus
810 2618 926 2700 potitus
939 2618 1068 2701 imperio
1082 2617 1199 2681 Romu·
1213 2656 1352 2708 mm

151 2703 217 2781 lus3
242 2706 269 2743 *Β
283 2704 409 2766 condita
421 2703 492 2765 urbs
512 2702 677 2765 condituris
700 2703 823 2765 nomine
844 2704 1006 2787 adpellata.
1050 2703 1200 2769 Palatium
1213 2689 1361 2775 ot.vu.1.⁸

152 2791 296 2872 primum,
310 2790 342 2851 in
358 2810 417 2871 quo
440 2790 504 2871 ipsc
525 2800 591 2851 eret
614 2789 770 2868 educatus,
798 2791 929 2853 muniit:
951 2811 1039 2854 sacra
1051 2788 1118 2853 Diis
1132 2793 1199 2855 aliis
1210 2790 1237 2900 g
1248 2789 1344 2869 ΨΘ·

151 2877 274 2939 Albano
292 2876 363 2954 ritu,
381 2874 488 2937 Graeco
513 2872 647 2953 Herculi,
667 2887 703 2938 ut
725 2877 764 2937 eb
787 2874 930 2939 Evandm
946 2878 1088 2941 instituta
1101 2892 1198 2960 eraut,
1237 2856 1313 2904 ‘⁷⁰¹'

152 2962 238 3027 facit.
294 2960 458 3025 Herculem
481 2962 490 3000 ¹
513 2961 544 3024 in
574 2982 611 3024 ea
637 2961 716 3041 loca,
743 2960 883 3048 Geryone
910 2966 1083 3044 itrteretuto,
1107 2966 1198 3030 boves
1211 3004 1322 3055 Hermu·

1209 3072 1320 3121 adrentus
1330 3070 1354 3121 ln

184 3144 322 3209 'principia
339 3144 386 3195 luc
403 3144 516 3195 tumorem
538 3144 745 3211 interpunctionem
762 3146 849 3197 halent
870 3145 943 3197 Gran.
969 3148 1044 3198 Dosr.
1061 3148 1122 3215 Rup.
1142 3166 1198 3201 enn-
1209 3136 1309 3188 Uim·

151 3208 233 3273 luunt
242 3211 345 3259 oratione
364 3211 391 3257 ud
410 3220 495 3273 regeret
510 3224 591 3271 usque.
613 3210 648 3257 lbi
666 3220 745 3259 eutero
761 3211 836 3275 major
852 3214 1007 3277 interpunctio
1021 3214 1108 3263 dirimit
1127 3218 1200 3265 oretis

154 3288 233 3323 mem.
263 3272 415 3322 ¹‘Palatinum
423 3276 499 3323 Grou.
506 3273 574 3323 Cres.
606 3271 741 3323 ¹lierculern
749 3284 789 3323 etc.
806 3276 854 3325 llic
861 3277 952 3325 initium
959 3277 1039 3342 cupitis
1045 3280 1137 3343 septimi
1143 3281 1200 3330 tecit

187 3402 211 3440 ⁴³
228 3402 244 3433 ⁸
262 3402 379 3464 Super&
398 3400 530 3465 multitudo]
556 3400 665 3449 Aliunde·
726 3400 775 3439 ⁴7·
786 3402 910 3453 00an
924 3403 1022 3473 inruet]
1037 3406 1101 3457 Duru
1112 3420 1201 3460 certam

619 3531 625 3544 υ
695 3467 816 3531 utriusque
832 3466 959 3529 iroe,etex
974 3473 1024 3537 ipo
1040 3475 1200 3526 mainus:-

151 3564 232 3649 'cuent
249 3599 335 3660 gemini
357 3629 390 3646 ..
407 3540 663 3659 dudi,aiiiiniiiwldgti¹3
695 3533 925 3662 nrdgiliiiiilituuris]
944 3603 979 3651 Ex
990 3602 1084 3653 Catonis
1101 3616 1198 3655 senten·

154 3678 267 3717 tent...
472 3718 474 3723 A
693 3663 735 3725 tit,
753 3662 829 3713 Roma
846 3667 934 3716 condita
954 3679 990 3718 ert
1008 3669 1062 3733 ipsis
1080 3671 1197 3735 Pelilrbrn,

187 3732 210 3765 ⁴⁵
227 3726 327 3791 Templa]
360 3726 484 3792 Templum
500 3726 620 3776 dicebatur
636 3736 662 3775 st
693 3740 731 3777 ιι.
750 3728 805 3777 Kal.
821 3730 878 3779 Maii
890 3735 943 3781 aaut
957 3736 978 3783 l.
994 3734 1137 3799 Olympiadis
1151 3749 1198 3785 ru.

193 3796 252 3843 tium
263 3796 375 3857 quoddam
385 3794 410 3842 in
421 3808 474 3842 aare
484 3792 610 3853 absugure
620 3792 662 3840 de-
693 3806 747 3843 ente
764 3795 885 3843 Christum
901 3798 957 3845 751.
989 3798 1079 3847 Mirum
1096 3797 1199 3863 profecto

187 3862 256 3938 irum,
273 3859 332 3908 intre
351 3859 413 3937 quod
428 3858 526 3920 suspicit
538 3858 659 3922 caputet,
693 3859 733 3937 hie
750 3874 798 3908 non
814 3859 925 3909 indicum
942 3862 1042 3923 Urina,
1056 3868 1113 3926 quot
1128 3878 1200 3910 auno·

154 3922 659 4054 fflisstl'lllffitltlr
693 3926 1200 4055 ttlffldffffltittt‘t

154 4054 448 4117 dictumestomtersphri.
692 4068 771 4105 notter
778 4057 875 4120 scriptor
883 4056 990 4113 remerit,
997 4058 1105 4121 expendit
1114 4057 1198 4105 doetis-

187 4119 211 4154 ⁴⁰
223 4122 239 4151 ⁸
252 4120 355 4179 Tenrpore
369 4118 405 4167 illi
420 4116 536 4179 precepto]
566 4116 603 4165 llll
618 4119 658 4181 qui
693 4120 764 4169 rimus
774 4121 1029 4179 nodwettmmnserr.
1041 4134 1069 4172 x.
1079 4126 1108 4171 de
1118 4123 1197 4187 Cyclis

157 4184 355 4241 Remofavebsut,
370 4197 467 4243 regnum
478 4183 571 4231 adeum
581 4183 657 4232 trahe·
693 4183 865 4235 Romanorumt
876 4199 901 4235 et
909 4203 964 4235 euru
972 4187 1196 4237 carmennum

155 4247 662 4313 lent,slveejusessedebereeontendebmt.
692 4262 798 4300 mutum
807 4252 887 4309 lubre,
896 4268 950 4315 quse
961 4252 1098 4302 Varronisue
1107 4254 1198 4302 luobus

158 4318 217 4378 quod
241 4316 360 4377 tugurium
386 4316 408 4361 ei
430 4312 531 4359 oblatum
557 4324 661 4377 tempore
692 4317 757 4363 suuis
768 4318 858 4364 brevior
868 4318 1114 4380 ett,prol›sronititur.
1131 4318 1197 4366 Dod-

157 4380 218 4443 prius
234 4391 308 4429 emet:
331 4377 364 4435 hi,
379 4378 417 4440 qui
436 4374 544 4437 Romulo,
559 4379 587 4427 ed
605 4394 660 4428 cum
691 4380 784 4429 wedam
792 4395 885 4429 mentae
894 4393 931 4430 ert
943 4384 967 4431 in
977 4400 1017 4431 ωε
1028 4384 1085 4433 livii
1095 4384 1197 4432 editione

157 4446 273 4508 penulae
283 4441 504 4507 regnumdieebtnr.
516 4444 575 4505 quod
587 4443 661 4509 major
691 4445 866 4511 rirmulrijugse
874 4449 1061 4509 eruditicumlo.
1074 4449 1196 4511 Clericuet
1290 4448 1295 4455 '

156 4522 207 4561 rere
218 4508 387 4563 unsrun-et
396 4510 472 4559 snum
483 4523 601 4561 numemr.
691 4511 871 4566 coeternum
