<?xml version="1.0" encoding="UTF-8"?>
<!DOCTYPE html PUBLIC "-//W3C//DTD XHTML 1.0 Transitional//EN"
    "http://www.w3.org/TR/xhtml1/DTD/xhtml1-transitional.dtd">
<html xmlns="http://www.w3.org/1999/xhtml" xml:lang="en" lang="en">
 <head>
  <title>
</title>
<meta http-equiv="Content-Type" content="text/html;charset=utf-8" />
  <meta name='ocr-system' content='tesseract 3.04.00' />
  <meta name='ocr-capabilities' content='ocr_page ocr_carea ocr_par ocr_line ocrx_word'/>
</head>
<body>
  <div class='ocr_page' id='page_1' title='image "./tliviipatavinih03grongoog_0544.png"; bbox 0 0 3175 5200; ppageno 0'>
   <div class='ocr_carea' id='block_1_1' title="bbox 391 298 1002 382">
    <p class='ocr_par' dir='ltr' id='par_1_1' title="bbox 391 298 1002 382">
     <span class='ocr_line' id='line_1_1' title="bbox 391 298 1002 382; baseline -0.011 0"><span class='ocrx_word' id='word_1_1' title='bbox 391 317 471 382; x_wconf 78' lang='lat' dir='ltr'>ne</span> <span class='ocrx_word' id='word_1_2' title='bbox 673 298 677 306; x_wconf 86' lang='lat'><em>&#39;</em></span> <span class='ocrx_word' id='word_1_3' title='bbox 798 318 884 380; x_wconf 69' lang='grc' dir='ltr'>τιτι</span> <span class='ocrx_word' id='word_1_4' title='bbox 902 317 1002 378; x_wconf 81' lang='lat' dir='ltr'>mvn</span> 
     </span>
    </p>
   </div>
   <div class='ocr_carea' id='block_1_2' title="bbox 224 467 1438 4056">
    <p class='ocr_par' dir='ltr' id='par_1_2' title="bbox 224 467 1438 1664">
     <span class='ocr_line' id='line_1_2' title="bbox 224 467 1436 554; baseline -0.006 -15"><span class='ocrx_word' id='word_1_5' title='bbox 224 469 259 522; x_wconf 63' lang='grc' dir='ltr'>Ὀ·</span> <span class='ocrx_word' id='word_1_6' title='bbox 270 472 299 522; x_wconf 74' lang='lat'>⁰·</span> <span class='ocrx_word' id='word_1_7' title='bbox 309 472 367 524; x_wconf 79' lang='lat'><strong>⁴³⁴·</strong></span> <span class='ocrx_word' id='word_1_8' title='bbox 393 477 475 539; x_wconf 87' lang='lat' dir='ltr'>nulla</span> <span class='ocrx_word' id='word_1_9' title='bbox 488 471 707 554; x_wconf 57' lang='lat' dir='ltr'>essetxdiutius</span> <span class='ocrx_word' id='word_1_10' title='bbox 716 472 854 534; x_wconf 72' lang='lat' dir='ltr'>abmssos</span> <span class='ocrx_word' id='word_1_11' title='bbox 869 472 1004 554; x_wconf 88' lang='lat' dir='ltr'>inopiam</span> <span class='ocrx_word' id='word_1_12' title='bbox 1015 472 1140 548; x_wconf 76' lang='lat' dir='ltr'>latunrs,</span> <span class='ocrx_word' id='word_1_13' title='bbox 1149 471 1250 533; x_wconf 85' lang='lat' dir='ltr'>coacti</span> <span class='ocrx_word' id='word_1_14' title='bbox 1258 467 1436 550; x_wconf 84' lang='lat' dir='ltr'>Samnites,</span> 
     </span>
     <span class='ocr_line' id='line_1_3' title="bbox 225 535 1438 704; baseline -0.004 -80"><span class='ocrx_word' id='word_1_15' title='bbox 225 535 298 590; x_wconf 53' lang='grc' dir='ltr'>Μ·</span> <span class='ocrx_word' id='word_1_16' title='bbox 308 537 365 590; x_wconf 73' lang='lat'>³¹⁰⁸</span> <span class='ocrx_word' id='word_1_17' title='bbox 392 563 443 645; x_wconf 89' lang='lat' dir='ltr'>qui</span> <span class='ocrx_word' id='word_1_18' title='bbox 459 561 499 624; x_wconf 88' lang='lat' dir='ltr'>sd</span> <span class='ocrx_word' id='word_1_19' title='bbox 513 558 961 704; x_wconf 60' lang='lat' dir='ltr'>Luceriamcaatrafhsbebant,</span> <span class='ocrx_word' id='word_1_20' title='bbox 975 557 1110 638; x_wconf 87' lang='lat' dir='ltr'>undique</span> <span class='ocrx_word' id='word_1_21' title='bbox 1122 557 1289 620; x_wconf 85' lang='lat' dir='ltr'>contractis</span> <span class='ocrx_word' id='word_1_22' title='bbox 1303 557 1438 635; x_wconf 81' lang='lat' dir='ltr'>viribus,</span> 
     </span>
     <span class='ocr_line' id='line_1_4' title="bbox 392 643 1436 811; baseline -0.004 -17"><span class='ocrx_word' id='word_1_23' title='bbox 392 643 991 811; x_wconf 44' lang='lat' dir='ltr'>slgllilllllmllelllill!rtlimcpllls,anxiantibns</span> <span class='ocrx_word' id='word_1_24' title='bbox 1003 711 1140 808; x_wconf 44' lang='lat' dir='ltr'>&#39;utrisque</span> <span class='ocrx_word' id='word_1_25' title='bbox 1162 749 1196 789; x_wconf 86' lang='lat' dir='ltr'>se</span> <span class='ocrx_word' id='word_1_26' title='bbox 1219 729 1259 790; x_wconf 87' lang='lat' dir='ltr'>ad</span> <span class='ocrx_word' id='word_1_27' title='bbox 1273 727 1436 810; x_wconf 75' lang='lat' dir='ltr'>proelium,</span> 
     </span>
     <span class='ocr_line' id='line_1_5' title="bbox 390 811 1434 898; baseline -0.003 -19"><span class='ocrx_word' id='word_1_28' title='bbox 390 819 485 898; x_wconf 87' lang='lat' dir='ltr'>legati</span> <span class='ocrx_word' id='word_1_29' title='bbox 507 814 665 878; x_wconf 79' lang='lat' dir='ltr'>Tarentini</span> <span class='ocrx_word' id='word_1_30' title='bbox 681 815 894 891; x_wconf 87' lang='lat' dir='ltr'>interveniunt,</span> <span class='ocrx_word' id='word_1_31' title='bbox 915 813 1132 874; x_wconf 76' lang='lat' dir='ltr'><strong>denunciantes</strong></span> <span class='ocrx_word' id='word_1_32' title='bbox 1152 811 1340 875; x_wconf 85' lang='lat' dir='ltr'>Samnitibus</span> <span class='ocrx_word' id='word_1_33' title='bbox 1361 813 1434 876; x_wconf 85' lang='lat' dir='ltr'>Ro-</span> 
     </span>
     <span class='ocr_line' id='line_1_6' title="bbox 390 899 1435 982; baseline -0.003 -18"><span class='ocrx_word' id='word_1_34' title='bbox 390 903 558 982; x_wconf 75' lang='lat' dir='ltr'><strong>manisque,</strong></span> <span class='ocrx_word' id='word_1_35' title='bbox 579 911 614 962; x_wconf 94' lang='lat' dir='ltr'>ut</span> <span class='ocrx_word' id='word_1_36' title='bbox 632 899 745 962; x_wconf 86' lang='lat' dir='ltr'>bellum</span> <span class='ocrx_word' id='word_1_37' title='bbox 760 900 948 962; x_wconf 88' lang='lat' dir='ltr'>omitterent.</span> <span class='ocrx_word' id='word_1_38' title='bbox 963 919 1018 979; x_wconf 92' lang='lat' dir='ltr'>per</span> <span class='ocrx_word' id='word_1_39' title='bbox 1031 909 1116 960; x_wconf 87' lang='lat' dir='ltr'>utros</span> <span class='ocrx_word' id='word_1_40' title='bbox 1131 899 1275 976; x_wconf 79' lang='lat' dir='ltr'>stetisset,</span> <span class='ocrx_word' id='word_1_41' title='bbox 1290 919 1352 979; x_wconf 94' lang='lat' dir='ltr'>quo</span> <span class='ocrx_word' id='word_1_42' title='bbox 1367 900 1435 962; x_wconf 87' lang='lat' dir='ltr'>mi·</span> 
     </span>
     <span class='ocr_line' id='line_1_7' title="bbox 390 979 1427 1068; baseline -0.004 -20"><span class='ocrx_word' id='word_1_43' title='bbox 390 1007 448 1050; x_wconf 87' lang='lat' dir='ltr'>nus</span> <span class='ocrx_word' id='word_1_44' title='bbox 463 986 668 1049; x_wconf 77' lang='lat' dir='ltr'>discederetur</span> <span class='ocrx_word' id='word_1_45' title='bbox 691 986 729 1047; x_wconf 88' lang='lat' dir='ltr'>ab</span> <span class='ocrx_word' id='word_1_46' title='bbox 745 986 847 1062; x_wconf 87' lang='lat' dir='ltr'>armis,</span> <span class='ocrx_word' id='word_1_47' title='bbox 861 984 1005 1045; x_wconf 87' lang='lat' dir='ltr'>adversus</span> <span class='ocrx_word' id='word_1_48' title='bbox 1023 1005 1078 1046; x_wconf 85' lang='lat' dir='ltr'>eos</span> <span class='ocrx_word' id='word_1_49' title='bbox 1098 1005 1131 1044; x_wconf 87' lang='lat' dir='ltr'>se</span> <span class='ocrx_word' id='word_1_50' title='bbox 1145 1005 1201 1064; x_wconf 94' lang='lat' dir='ltr'>pro</span> <span class='ocrx_word' id='word_1_51' title='bbox 1224 983 1327 1045; x_wconf 85' lang='lat' dir='ltr'>alteris</span> <span class='ocrx_word' id='word_1_52' title='bbox 1340 979 1427 1068; x_wconf 85' lang='lat' dir='ltr'>pug-</span> 
     </span>
     <span class='ocr_line' id='line_1_8' title="bbox 390 1068 1431 1156; baseline -0.002 -22"><span class='ocrx_word' id='word_1_53' title='bbox 390 1083 524 1134; x_wconf 86' lang='lat' dir='ltr'>naturos.</span> <span class='ocrx_word' id='word_1_54' title='bbox 566 1070 614 1132; x_wconf 84' lang='lat' dir='ltr'>Ea</span> <span class='ocrx_word' id='word_1_55' title='bbox 630 1070 782 1151; x_wconf 72' lang='lat' dir='ltr'>legatione</span> <span class='ocrx_word' id='word_1_56' title='bbox 809 1068 945 1151; x_wconf 81' lang='lat' dir='ltr'>Papirius</span> <span class='ocrx_word' id='word_1_57' title='bbox 971 1069 1086 1145; x_wconf 78' lang='lat' dir='ltr'>audite,</span> <span class='ocrx_word' id='word_1_58' title='bbox 1111 1068 1240 1150; x_wconf 87' lang='lat' dir='ltr'>perinde</span> <span class='ocrx_word' id='word_1_59' title='bbox 1262 1090 1298 1130; x_wconf 88' lang='lat' dir='ltr'>ao</span> <span class='ocrx_word' id='word_1_60' title='bbox 1321 1081 1431 1156; x_wconf 85' lang='lat' dir='ltr'>motus</span> 
     </span>
     <span class='ocr_line' id='line_1_9' title="bbox 391 1155 1428 1238; baseline 0 -20"><span class='ocrx_word' id='word_1_61' title='bbox 391 1157 617 1235; x_wconf 80' lang='lat' dir='ltr'>dictiseorum,</span> <span class='ocrx_word' id='word_1_62' title='bbox 639 1175 710 1217; x_wconf 91' lang='lat' dir='ltr'>cum</span> <span class='ocrx_word' id='word_1_63' title='bbox 732 1156 851 1238; x_wconf 81' lang='lat' dir='ltr'>college</span> <span class='ocrx_word' id='word_1_64' title='bbox 872 1176 904 1216; x_wconf 89' lang='lat' dir='ltr'>se</span> <span class='ocrx_word' id='word_1_65' title='bbox 926 1155 1219 1216; x_wconf 85' lang='lat' dir='ltr'>communicaturum</span> <span class='ocrx_word' id='word_1_66' title='bbox 1242 1155 1428 1236; x_wconf 74' lang='lat' dir='ltr'>respouditz</span> 
     </span>
     <span class='ocr_line' id='line_1_10' title="bbox 389 1240 1429 1323; baseline -0.002 -19"><span class='ocrx_word' id='word_1_67' title='bbox 389 1243 552 1323; x_wconf 86' lang='lat' dir='ltr'>adcitoque</span> <span class='ocrx_word' id='word_1_68' title='bbox 568 1265 616 1320; x_wconf 87' lang='lat' dir='ltr'>eo,</span> <span class='ocrx_word' id='word_1_69' title='bbox 630 1261 724 1323; x_wconf 90' lang='lat' dir='ltr'>quum</span> <span class='ocrx_word' id='word_1_70' title='bbox 735 1252 856 1323; x_wconf 82' lang='lat' dir='ltr'>tempus</span> <span class='ocrx_word' id='word_1_71' title='bbox 867 1260 958 1302; x_wconf 89' lang='lat' dir='ltr'>omne</span> <span class='ocrx_word' id='word_1_72' title='bbox 968 1240 1000 1301; x_wconf 93' lang='lat' dir='ltr'>in</span> <span class='ocrx_word' id='word_1_73' title='bbox 1015 1240 1184 1321; x_wconf 77' lang='lat' dir='ltr'>adparatuu</span> <span class='ocrx_word' id='word_1_74' title='bbox 1195 1241 1429 1318; x_wconf 83' lang='lat' dir='ltr'>consumsisset,</span> 
     </span>
     <span class='ocr_line' id='line_1_11' title="bbox 389 1325 1429 1409; baseline 0 -19"><span class='ocrx_word' id='word_1_75' title='bbox 389 1329 569 1390; x_wconf 88' lang='lat' dir='ltr'>conlocutus</span> <span class='ocrx_word' id='word_1_76' title='bbox 592 1328 630 1388; x_wconf 93' lang='lat' dir='ltr'>de</span> <span class='ocrx_word' id='word_1_77' title='bbox 653 1348 685 1390; x_wconf 87' lang='lat' dir='ltr'>re</span> <span class='ocrx_word' id='word_1_78' title='bbox 707 1327 789 1391; x_wconf 88' lang='lat' dir='ltr'>baud</span> <span class='ocrx_word' id='word_1_79' title='bbox 810 1327 913 1404; x_wconf 87' lang='lat' dir='ltr'>dubia,</span> <span class='ocrx_word' id='word_1_80' title='bbox 939 1325 1096 1406; x_wconf 73' lang='lat' dir='ltr'>⁴‘signum</span> <span class='ocrx_word' id='word_1_81' title='bbox 1123 1346 1231 1407; x_wconf 76' lang='lat' dir='ltr'>pugne</span> <span class='ocrx_word' id='word_1_82' title='bbox 1252 1326 1429 1409; x_wconf 88' lang='lat' dir='ltr'>proposuit.</span> 
     </span>
     <span class='ocr_line' id='line_1_12' title="bbox 388 1411 1430 1494; baseline 0 -20"><span class='ocrx_word' id='word_1_83' title='bbox 388 1411 558 1494; x_wconf 75' lang='lat' dir='ltr'>rigentibus</span> <span class='ocrx_word' id='word_1_84' title='bbox 574 1413 677 1474; x_wconf 81' lang='lat' dir='ltr'>divina</span> <span class='ocrx_word' id='word_1_85' title='bbox 692 1413 895 1493; x_wconf 83' lang='lat' dir='ltr'>humanoque,</span> <span class='ocrx_word' id='word_1_86' title='bbox 910 1411 977 1491; x_wconf 80' lang='lat' dir='ltr'>quae&#39;</span> <span class='ocrx_word' id='word_1_87' title='bbox 989 1411 1142 1488; x_wconf 88' lang='lat' dir='ltr'>adsolent,</span> <span class='ocrx_word' id='word_1_88' title='bbox 1150 1431 1244 1491; x_wconf 93' lang='lat' dir='ltr'>quum</span> <span class='ocrx_word' id='word_1_89' title='bbox 1255 1412 1321 1474; x_wconf 86' lang='lat' dir='ltr'>acie</span> <span class='ocrx_word' id='word_1_90' title='bbox 1333 1412 1430 1474; x_wconf 87' lang='lat' dir='ltr'>dimi-</span> 
     </span>
     <span class='ocr_line' id='line_1_13' title="bbox 388 1495 1430 1579; baseline -0.001 -19"><span class='ocrx_word' id='word_1_91' title='bbox 388 1499 518 1560; x_wconf 83' lang='lat' dir='ltr'>candum</span> <span class='ocrx_word' id='word_1_92' title='bbox 545 1509 601 1574; x_wconf 89' lang='lat' dir='ltr'>est,</span> <span class='ocrx_word' id='word_1_93' title='bbox 625 1498 810 1575; x_wconf 90' lang='lat' dir='ltr'>consulibus,</span> <span class='ocrx_word' id='word_1_94' title='bbox 828 1495 987 1559; x_wconf 82' lang='lat' dir='ltr'>Tarentini</span> <span class='ocrx_word' id='word_1_95' title='bbox 1002 1495 1096 1579; x_wconf 85' lang='lat' dir='ltr'>legati</span> <span class='ocrx_word' id='word_1_96' title='bbox 1110 1498 1282 1576; x_wconf 88' lang='lat' dir='ltr'>obcursare,</span> <span class='ocrx_word' id='word_1_97' title='bbox 1296 1518 1430 1578; x_wconf 90' lang='lat' dir='ltr'>respon·</span> 
     </span>
     <span class='ocr_line' id='line_1_14' title="bbox 386 1581 1424 1664; baseline 0.004 -22"><span class='ocrx_word' id='word_1_98' title='bbox 386 1603 453 1644; x_wconf 92' lang='lat' dir='ltr'>sum</span> <span class='ocrx_word' id='word_1_99' title='bbox 477 1593 701 1664; x_wconf 85' lang='lat' dir='ltr'>exspectsntes,</span> <span class='ocrx_word' id='word_1_100' title='bbox 727 1584 836 1663; x_wconf 88' lang='lat' dir='ltr'>quibus</span> <span class='ocrx_word' id='word_1_101' title='bbox 859 1581 1076 1663; x_wconf 70' lang='lat' dir='ltr'>Papirius-ait:</span> <span class='ocrx_word' id='word_1_102' title='bbox 1100 1581 1267 1664; x_wconf 87' lang='lat' dir='ltr'>‘Auspicia</span> <span class='ocrx_word' id='word_1_103' title='bbox 1283 1583 1424 1646; x_wconf 78' lang='lat' dir='ltr'>secunda</span> 
     </span>
    </p>

    <p class='ocr_par' dir='ltr' id='par_1_3' title="bbox 330 1667 1430 1837">
     <span class='ocr_line' id='line_1_15' title="bbox 330 1667 1430 1751; baseline 0.004 -23"><span class='ocrx_word' id='word_1_104' title='bbox 330 1687 333 1694; x_wconf 91' lang='lat'>·</span> <span class='ocrx_word' id='word_1_105' title='bbox 386 1667 486 1746; x_wconf 70' lang='lat' dir='ltr'>‘esan</span> <span class='ocrx_word' id='word_1_106' title='bbox 504 1667 686 1744; x_wconf 68' lang='lat' dir='ltr'>Tarentini,</span> <span class='ocrx_word' id='word_1_107' title='bbox 717 1668 863 1748; x_wconf 89' lang='lat' dir='ltr'>pullarius</span> <span class='ocrx_word' id='word_1_108' title='bbox 893 1667 1031 1728; x_wconf 90' lang='lat' dir='ltr'>nunciat.</span> <span class='ocrx_word' id='word_1_109' title='bbox 1061 1668 1183 1729; x_wconf 85' lang='lat' dir='ltr'>litatum</span> <span class='ocrx_word' id='word_1_110' title='bbox 1208 1679 1354 1751; x_wconf 75' lang='lat' dir='ltr'>preterea</span> <span class='ocrx_word' id='word_1_111' title='bbox 1379 1680 1430 1732; x_wconf 88' lang='lat' dir='ltr'>est</span> 
     </span>
     <span class='ocr_line' id='line_1_16' title="bbox 385 1751 1426 1837; baseline 0.001 -23"><span class='ocrx_word' id='word_1_112' title='bbox 385 1751 397 1784; x_wconf 76' lang='lat'><em>⁶</em></span> <span class='ocrx_word' id='word_1_113' title='bbox 411 1754 542 1834; x_wconf 81' lang='lat' dir='ltr'>egregie.</span> <span class='ocrx_word' id='word_1_114' title='bbox 554 1752 726 1814; x_wconf 86' lang='lat' dir='ltr'>auctoribus</span> <span class='ocrx_word' id='word_1_115' title='bbox 740 1751 819 1828; x_wconf 91' lang='lat' dir='ltr'>Diis,</span> <span class='ocrx_word' id='word_1_116' title='bbox 835 1761 870 1814; x_wconf 94' lang='lat' dir='ltr'>ut</span> <span class='ocrx_word' id='word_1_117' title='bbox 879 1751 999 1830; x_wconf 85' lang='lat' dir='ltr'>videtis,</span> <span class='ocrx_word' id='word_1_118' title='bbox 1014 1751 1055 1814; x_wconf 83' lang='lat' dir='ltr'>ad</span> <span class='ocrx_word' id='word_1_119' title='bbox 1070 1773 1135 1814; x_wconf 87' lang='lat' dir='ltr'>rem</span> <span class='ocrx_word' id='word_1_120' title='bbox 1148 1754 1426 1837; x_wconf 73' lang='lat' dir='ltr'>gerendam‘profi-</span> 
     </span>
    </p>

    <p class='ocr_par' dir='ltr' id='par_1_4' title="bbox 385 1834 1430 2598">
     <span class='ocr_line' id='line_1_17' title="bbox 385 1834 1428 1919; baseline 0 -19"><span class='ocrx_word' id='word_1_121' title='bbox 385 1837 397 1871; x_wconf 89' lang='lat'>‘</span> <span class='ocrx_word' id='word_1_122' title='bbox 411 1836 573 1901; x_wconf 86' lang='lat' dir='ltr'>ciscimur.&#39;</span> <span class='ocrx_word' id='word_1_123' title='bbox 618 1834 715 1917; x_wconf 86' lang='lat' dir='ltr'>Signa</span> <span class='ocrx_word' id='word_1_124' title='bbox 733 1836 805 1898; x_wconf 84' lang='lat' dir='ltr'>inde</span> <span class='ocrx_word' id='word_1_125' title='bbox 819 1837 889 1899; x_wconf 82' lang='lat' dir='ltr'>ferri</span> <span class='ocrx_word' id='word_1_126' title='bbox 906 1836 1017 1918; x_wconf 78' lang='lat' dir='ltr'>jussit,</span> <span class='ocrx_word' id='word_1_127' title='bbox 1025 1849 1059 1900; x_wconf 89' lang='lat' dir='ltr'>et</span> <span class='ocrx_word' id='word_1_128' title='bbox 1071 1839 1176 1919; x_wconf 88' lang='lat' dir='ltr'>copias</span> <span class='ocrx_word' id='word_1_129' title='bbox 1191 1840 1308 1917; x_wconf 82' lang='lat' dir='ltr'>eduxit,</span> <span class='ocrx_word' id='word_1_130' title='bbox 1322 1840 1428 1901; x_wconf 60' lang='lat' dir='ltr'>vanis</span> 
     </span>
     <span class='ocr_line' id='line_1_18' title="bbox 387 1922 1428 2008; baseline 0.003 -24"><span class='ocrx_word' id='word_1_131' title='bbox 387 1923 495 1986; x_wconf 71' lang='lat' dir='ltr'>sunam</span> <span class='ocrx_word' id='word_1_132' title='bbox 521 1922 680 2005; x_wconf 76' lang='lat' dir='ltr'>increpans</span> <span class='ocrx_word' id='word_1_133' title='bbox 700 1934 836 2003; x_wconf 84' lang='lat' dir='ltr'>gentem,</span> <span class='ocrx_word' id='word_1_134' title='bbox 851 1943 927 2004; x_wconf 78' lang='lat' dir='ltr'>que,</span> <span class='ocrx_word' id='word_1_135' title='bbox 942 1943 1064 1999; x_wconf 82' lang='lat' dir='ltr'>suarum</span> <span class='ocrx_word' id='word_1_136' title='bbox 1083 1924 1227 2005; x_wconf 84' lang='lat' dir='ltr'>inpotens</span> <span class='ocrx_word' id='word_1_137' title='bbox 1241 1925 1342 1988; x_wconf 84' lang='lat' dir='ltr'>rerum</span> <span class='ocrx_word' id='word_1_138' title='bbox 1362 1947 1428 2008; x_wconf 82' lang='lat' dir='ltr'>prae</span> 
     </span>
     <span class='ocr_line' id='line_1_19' title="bbox 387 2008 1426 2094; baseline 0.003 -24"><span class='ocrx_word' id='word_1_139' title='bbox 387 2009 561 2070; x_wconf 86' lang='lat' dir='ltr'>domesticis</span> <span class='ocrx_word' id='word_1_140' title='bbox 581 2008 781 2070; x_wconf 89' lang='lat' dir='ltr'>seditionibus</span> <span class='ocrx_word' id='word_1_141' title='bbox 805 2008 1035 2090; x_wconf 87' lang='lat' dir='ltr'>discordiisque,</span> <span class='ocrx_word' id='word_1_142' title='bbox 1057 2009 1124 2071; x_wconf 85' lang='lat' dir='ltr'>eliis</span> <span class='ocrx_word' id='word_1_143' title='bbox 1140 2010 1265 2073; x_wconf 90' lang='lat' dir='ltr'>modum</span> <span class='ocrx_word' id='word_1_144' title='bbox 1285 2012 1369 2094; x_wconf 80' lang='lat' dir='ltr'>pacis</span> <span class='ocrx_word' id='word_1_145' title='bbox 1387 2032 1426 2073; x_wconf 86' lang='lat' dir='ltr'>ac</span> 
     </span>
     <span class='ocr_line' id='line_1_20' title="bbox 386 2091 1425 2178; baseline 0.003 -23"><span class='ocrx_word' id='word_1_146' title='bbox 386 2093 459 2156; x_wconf 91' lang='lat' dir='ltr'>belli</span> <span class='ocrx_word' id='word_1_147' title='bbox 470 2094 568 2155; x_wconf 82' lang='lat' dir='ltr'>faeere</span> <span class='ocrx_word' id='word_1_148' title='bbox 580 2113 699 2174; x_wconf 81' lang='lat' dir='ltr'>aequum</span> <span class='ocrx_word' id='word_1_149' title='bbox 714 2104 860 2155; x_wconf 88' lang='lat' dir='ltr'>censeret.</span> <span class='ocrx_word' id='word_1_150' title='bbox 893 2091 1047 2156; x_wconf 86' lang='lat' dir='ltr'>Samnites</span> <span class='ocrx_word' id='word_1_151' title='bbox 1058 2116 1096 2157; x_wconf 87' lang='lat' dir='ltr'>ex</span> <span class='ocrx_word' id='word_1_152' title='bbox 1112 2107 1199 2178; x_wconf 84' lang='lat' dir='ltr'>parte</span> <span class='ocrx_word' id='word_1_153' title='bbox 1211 2098 1315 2174; x_wconf 87' lang='lat' dir='ltr'>altera,</span> <span class='ocrx_word' id='word_1_154' title='bbox 1327 2117 1425 2177; x_wconf 87' lang='lat' dir='ltr'>quum</span> 
     </span>
     <span class='ocr_line' id='line_1_21' title="bbox 387 2179 1425 2264; baseline 0.004 -24"><span class='ocrx_word' id='word_1_155' title='bbox 387 2199 509 2240; x_wconf 88' lang='lat' dir='ltr'>omnem</span> <span class='ocrx_word' id='word_1_156' title='bbox 524 2199 626 2240; x_wconf 87' lang='lat' dir='ltr'>curam</span> <span class='ocrx_word' id='word_1_157' title='bbox 643 2179 713 2242; x_wconf 92' lang='lat' dir='ltr'>belli</span> <span class='ocrx_word' id='word_1_158' title='bbox 729 2179 924 2258; x_wconf 83' lang='lat' dir='ltr'>remisissent,</span> <span class='ocrx_word' id='word_1_159' title='bbox 935 2181 1012 2260; x_wconf 82' lang='lat' dir='ltr'>¹qnia</span> <span class='ocrx_word' id='word_1_160' title='bbox 1031 2194 1085 2242; x_wconf 90' lang='lat' dir='ltr'>aut</span> <span class='ocrx_word' id='word_1_161' title='bbox 1105 2203 1214 2262; x_wconf 89' lang='lat' dir='ltr'>pacem</span> <span class='ocrx_word' id='word_1_162' title='bbox 1234 2203 1303 2256; x_wconf 83' lang='lat' dir='ltr'>vere</span> <span class='ocrx_word' id='word_1_163' title='bbox 1318 2183 1425 2264; x_wconf 89' lang='lat' dir='ltr'>cupie-</span> 
     </span>
     <span class='ocr_line' id='line_1_22' title="bbox 386 2263 1426 2344; baseline 0.004 -18"><span class='ocrx_word' id='word_1_164' title='bbox 386 2264 473 2342; x_wconf 83' lang='lat' dir='ltr'>bant,</span> <span class='ocrx_word' id='word_1_165' title='bbox 498 2276 552 2327; x_wconf 85' lang='lat' dir='ltr'>aut</span> <span class='ocrx_word' id='word_1_166' title='bbox 576 2263 759 2344; x_wconf 79' lang='lat' dir='ltr'>expediebat</span> <span class='ocrx_word' id='word_1_167' title='bbox 783 2265 935 2344; x_wconf 88' lang='lat' dir='ltr'>simulare,</span> <span class='ocrx_word' id='word_1_168' title='bbox 959 2277 995 2326; x_wconf 89' lang='lat' dir='ltr'>ut</span> <span class='ocrx_word' id='word_1_169' title='bbox 1006 2263 1189 2329; x_wconf 87' lang='lat' dir='ltr'>Tarentinos</span> <span class='ocrx_word' id='word_1_170' title='bbox 1205 2268 1261 2328; x_wconf 87' lang='lat' dir='ltr'>sibi</span> <span class='ocrx_word' id='word_1_171' title='bbox 1275 2267 1426 2333; x_wconf 79' lang='lat' dir='ltr'>concilia·</span> 
     </span>
     <span class='ocr_line' id='line_1_23' title="bbox 387 2349 1426 2435; baseline 0.004 -24"><span class='ocrx_word' id='word_1_172' title='bbox 387 2361 472 2428; x_wconf 78' lang='lat' dir='ltr'>rent,</span> <span class='ocrx_word' id='word_1_173' title='bbox 480 2370 573 2431; x_wconf 91' lang='lat' dir='ltr'>quum</span> <span class='ocrx_word' id='word_1_174' title='bbox 588 2349 751 2414; x_wconf 89' lang='lat' dir='ltr'>instructos</span> <span class='ocrx_word' id='word_1_175' title='bbox 767 2362 892 2431; x_wconf 84' lang='lat' dir='ltr'>repente</span> <span class='ocrx_word' id='word_1_176' title='bbox 912 2350 953 2412; x_wconf 91' lang='lat' dir='ltr'>ad</span> <span class='ocrx_word' id='word_1_177' title='bbox 973 2371 1107 2433; x_wconf 85' lang='lat' dir='ltr'>pugnam</span> <span class='ocrx_word' id='word_1_178' title='bbox 1123 2352 1278 2414; x_wconf 84' lang='lat' dir='ltr'>Romanos</span> <span class='ocrx_word' id='word_1_179' title='bbox 1292 2373 1426 2435; x_wconf 89' lang='lat' dir='ltr'>conspe·</span> 
     </span>
     <span class='ocr_line' id='line_1_24' title="bbox 387 2434 1430 2517; baseline 0.004 -21"><span class='ocrx_word' id='word_1_180' title='bbox 387 2437 513 2514; x_wconf 86' lang='lat' dir='ltr'>xissent,</span> <span class='ocrx_word' id='word_1_181' title='bbox 527 2434 695 2515; x_wconf 81' lang='lat' dir='ltr'>vociferari,</span> <span class='ocrx_word' id='word_1_182' title='bbox 710 2437 798 2496; x_wconf 86' lang='lat' dir='ltr'>‘⁴⁷se</span> <span class='ocrx_word' id='word_1_183' title='bbox 814 2434 845 2497; x_wconf 91' lang='lat' dir='ltr'>in</span> <span class='ocrx_word' id='word_1_184' title='bbox 857 2437 1036 2498; x_wconf 83' lang='lat' dir='ltr'>auctoritate</span> <span class='ocrx_word' id='word_1_185' title='bbox 1046 2435 1281 2500; x_wconf 90' lang='lat' dir='ltr'>Tarentinorum</span> <span class='ocrx_word' id='word_1_186' title='bbox 1290 2459 1430 2517; x_wconf 87' lang='lat' dir='ltr'>manere,</span> 
     </span>
     <span class='ocr_line' id='line_1_25' title="bbox 388 2520 1426 2598; baseline 0.005 -16"><span class='ocrx_word' id='word_1_187' title='bbox 388 2520 469 2583; x_wconf 89' lang='lat' dir='ltr'>‘nec</span> <span class='ocrx_word' id='word_1_188' title='bbox 501 2520 682 2583; x_wconf 87' lang='lat' dir='ltr'>descendere</span> <span class='ocrx_word' id='word_1_189' title='bbox 712 2522 743 2582; x_wconf 92' lang='lat' dir='ltr'>in</span> <span class='ocrx_word' id='word_1_190' title='bbox 771 2522 879 2598; x_wconf 90' lang='lat' dir='ltr'>aciem,</span> <span class='ocrx_word' id='word_1_191' title='bbox 904 2541 960 2582; x_wconf 90' lang='lat' dir='ltr'>uec</span> <span class='ocrx_word' id='word_1_192' title='bbox 980 2533 1067 2583; x_wconf 86' lang='lat' dir='ltr'>extra</span> <span class='ocrx_word' id='word_1_193' title='bbox 1086 2522 1198 2584; x_wconf 86' lang='lat' dir='ltr'>vellum</span> <span class='ocrx_word' id='word_1_194' title='bbox 1222 2543 1308 2585; x_wconf 84' lang='lat' dir='ltr'>arma</span> <span class='ocrx_word' id='word_1_195' title='bbox 1330 2523 1426 2588; x_wconf 84' lang='lat' dir='ltr'>ferre.</span> 
     </span>
    </p>

    <p class='ocr_par' dir='ltr' id='par_1_5' title="bbox 318 2605 1432 2859">
     <span class='ocr_line' id='line_1_26' title="bbox 322 2605 1429 2691; baseline 0.005 -23"><span class='ocrx_word' id='word_1_196' title='bbox 322 2629 325 2637; x_wconf 90' lang='lat'>·</span> <span class='ocrx_word' id='word_1_197' title='bbox 387 2606 399 2641; x_wconf 88' lang='lat'>‘</span> <span class='ocrx_word' id='word_1_198' title='bbox 413 2605 567 2691; x_wconf 81' lang='lat' dir='ltr'>Deceptus</span> <span class='ocrx_word' id='word_1_199' title='bbox 579 2609 690 2691; x_wconf 89' lang='lat' dir='ltr'>potius,</span> <span class='ocrx_word' id='word_1_200' title='bbox 705 2606 915 2689; x_wconf 88' lang='lat' dir='ltr'>quodcumque</span> <span class='ocrx_word' id='word_1_201' title='bbox 928 2628 1013 2667; x_wconf 87' lang='lat' dir='ltr'>casus</span> <span class='ocrx_word' id='word_1_202' title='bbox 1024 2607 1112 2684; x_wconf 87' lang='lat' dir='ltr'>ferat,</span> <span class='ocrx_word' id='word_1_203' title='bbox 1123 2629 1273 2688; x_wconf 87' lang='lat' dir='ltr'>passuros,</span> <span class='ocrx_word' id='word_1_204' title='bbox 1283 2631 1376 2691; x_wconf 85' lang='lat' dir='ltr'>quam</span> <span class='ocrx_word' id='word_1_205' title='bbox 1388 2622 1429 2674; x_wconf 91' lang='lat' dir='ltr'>ut</span> 
     </span>
     <span class='ocr_line' id='line_1_27' title="bbox 318 2691 1429 2777; baseline 0.005 -23"><span class='ocrx_word' id='word_1_206' title='bbox 318 2718 320 2727; x_wconf 59' lang='lat'><strong><em>⁴</em></strong></span> <span class='ocrx_word' id='word_1_207' title='bbox 388 2691 559 2775; x_wconf 82' lang='lat' dir='ltr'>‘sprevisse</span> <span class='ocrx_word' id='word_1_208' title='bbox 574 2695 658 2777; x_wconf 90' lang='lat' dir='ltr'>pacis</span> <span class='ocrx_word' id='word_1_209' title='bbox 674 2704 812 2757; x_wconf 89' lang='lat' dir='ltr'>auctores</span> <span class='ocrx_word' id='word_1_210' title='bbox 825 2691 1006 2753; x_wconf 80' lang='lat' dir='ltr'>Tarentinos</span> <span class='ocrx_word' id='word_1_211' title='bbox 1021 2692 1187 2755; x_wconf 86' lang='lat' dir='ltr'>videantur.</span> <span class='ocrx_word' id='word_1_212' title='bbox 1223 2693 1429 2776; x_wconf 84' lang='lat' dir='ltr'>Acciperese</span> 
     </span>
     <span class='ocr_line' id='line_1_28' title="bbox 387 2776 1432 2859; baseline 0.002 -18"><span class='ocrx_word' id='word_1_213' title='bbox 387 2778 525 2858; x_wconf 70' lang='lat' dir='ltr'>‘omen&#39;</span> <span class='ocrx_word' id='word_1_214' title='bbox 540 2781 678 2843; x_wconf 87' lang='lat' dir='ltr'>consules</span> <span class='ocrx_word' id='word_1_215' title='bbox 695 2781 788 2855; x_wconf 87' lang='lat' dir='ltr'>aiunt,</span> <span class='ocrx_word' id='word_1_216' title='bbox 805 2778 857 2839; x_wconf 86' lang='lat' dir='ltr'>‘et</span> <span class='ocrx_word' id='word_1_217' title='bbox 870 2798 938 2838; x_wconf 85' lang='lat' dir='ltr'>eam</span> <span class='ocrx_word' id='word_1_218' title='bbox 953 2776 1069 2857; x_wconf 88' lang='lat' dir='ltr'>precari</span> <span class='ocrx_word' id='word_1_219' title='bbox 1080 2788 1214 2839; x_wconf 87' lang='lat' dir='ltr'>mentem</span> <span class='ocrx_word' id='word_1_220' title='bbox 1226 2779 1373 2859; x_wconf 85' lang='lat' dir='ltr'>hostibus,</span> <span class='ocrx_word' id='word_1_221' title='bbox 1383 2797 1432 2847; x_wconf 84' lang='lat' dir='ltr'>ut</span> 
     </span>
    </p>

    <p class='ocr_par' dir='ltr' id='par_1_6' title="bbox 239 2861 1430 3379">
     <span class='ocr_line' id='line_1_29' title="bbox 239 2861 1430 2949; baseline -0.003 -20"><span class='ocrx_word' id='word_1_222' title='bbox 239 2934 245 2947; x_wconf 36' lang='lat'><strong>¹</strong></span> <span class='ocrx_word' id='word_1_223' title='bbox 350 2938 352 2943; x_wconf 17' lang='lat'><em>7</em></span> <span class='ocrx_word' id='word_1_224' title='bbox 389 2869 452 2929; x_wconf 91' lang='lat' dir='ltr'>‘ne</span> <span class='ocrx_word' id='word_1_225' title='bbox 465 2869 576 2931; x_wconf 83' lang='lat' dir='ltr'>vallum</span> <span class='ocrx_word' id='word_1_226' title='bbox 592 2867 713 2949; x_wconf 92' lang='lat' dir='ltr'>quidem</span> <span class='ocrx_word' id='word_1_227' title='bbox 729 2861 913 2927; x_wconf 62' lang='lat' dir='ltr'>defendant)</span> <span class='ocrx_word' id='word_1_228' title='bbox 950 2861 1022 2944; x_wconf 86' lang='lat' dir='ltr'>Ipsi,</span> <span class='ocrx_word' id='word_1_229' title='bbox 1037 2863 1161 2925; x_wconf 89' lang='lat' dir='ltr'>interse</span> <span class='ocrx_word' id='word_1_230' title='bbox 1178 2863 1297 2946; x_wconf 87' lang='lat' dir='ltr'>partitis</span> <span class='ocrx_word' id='word_1_231' title='bbox 1307 2865 1430 2947; x_wconf 80' lang='lat' dir='ltr'>copiis,</span> 
     </span>
     <span class='ocr_line' id='line_1_30' title="bbox 295 2947 1427 3030; baseline -0.002 -12"><span class='ocrx_word' id='word_1_232' title='bbox 295 3001 300 3013; x_wconf 92' lang='lat'>.</span> <span class='ocrx_word' id='word_1_233' title='bbox 389 2948 910 3025; x_wconf 87' lang='lat' dir='ltr'>succedunthostiummunimentis,</span> <span class='ocrx_word' id='word_1_234' title='bbox 919 2947 1194 3029; x_wconf 72' lang='lat' dir='ltr'>etsimdundique</span> <span class='ocrx_word' id='word_1_235' title='bbox 1202 2949 1313 3027; x_wconf 85' lang='lat' dir='ltr'>adorti,</span> <span class='ocrx_word' id='word_1_236' title='bbox 1322 2970 1427 3030; x_wconf 84' lang='lat' dir='ltr'>quum</span> 
     </span>
     <span class='ocr_line' id='line_1_31' title="bbox 389 3033 1428 3125; baseline -0.01 -21"><span class='ocrx_word' id='word_1_237' title='bbox 389 3062 459 3125; x_wconf 86' lang='lat' dir='ltr'>pars</span> <span class='ocrx_word' id='word_1_238' title='bbox 474 3041 569 3103; x_wconf 81' lang='lat' dir='ltr'>fossas</span> <span class='ocrx_word' id='word_1_239' title='bbox 584 3040 750 3120; x_wconf 84' lang='lat' dir='ltr'>explerent,</span> <span class='ocrx_word' id='word_1_240' title='bbox 765 3056 835 3119; x_wconf 85' lang='lat' dir='ltr'>pars</span> <span class='ocrx_word' id='word_1_241' title='bbox 848 3034 994 3097; x_wconf 83' lang='lat' dir='ltr'>vellerent</span> <span class='ocrx_word' id='word_1_242' title='bbox 1013 3033 1135 3111; x_wconf 76' lang='lat' dir='ltr'>vallum,</span> <span class='ocrx_word' id='word_1_243' title='bbox 1159 3044 1249 3115; x_wconf 85' lang='lat' dir='ltr'>atque</span> <span class='ocrx_word' id='word_1_244' title='bbox 1269 3035 1302 3095; x_wconf 92' lang='lat' dir='ltr'>in</span> <span class='ocrx_word' id='word_1_245' title='bbox 1324 3034 1428 3101; x_wconf 69' lang='lat' dir='ltr'>soem</span> 
     </span>
     <span class='ocr_line' id='line_1_32' title="bbox 389 3120 1428 3211; baseline -0.008 -21"><span class='ocrx_word' id='word_1_246' title='bbox 389 3130 576 3211; x_wconf 87' lang='lat' dir='ltr'>proruerent,</span> <span class='ocrx_word' id='word_1_247' title='bbox 588 3135 646 3187; x_wconf 85' lang='lat' dir='ltr'>nec</span> <span class='ocrx_word' id='word_1_248' title='bbox 660 3125 755 3186; x_wconf 80' lang='lat' dir='ltr'>virtus</span> <span class='ocrx_word' id='word_1_249' title='bbox 769 3122 862 3185; x_wconf 89' lang='lat' dir='ltr'>modo</span> <span class='ocrx_word' id='word_1_250' title='bbox 874 3120 975 3197; x_wconf 87' lang='lat' dir='ltr'>insita,</span> <span class='ocrx_word' id='word_1_251' title='bbox 985 3120 1039 3181; x_wconf 91' lang='lat' dir='ltr'>sed</span> <span class='ocrx_word' id='word_1_252' title='bbox 1053 3120 1099 3181; x_wconf 90' lang='lat' dir='ltr'>ira</span> <span class='ocrx_word' id='word_1_253' title='bbox 1113 3120 1217 3197; x_wconf 72' lang='lat' dir='ltr'>enam,</span> <span class='ocrx_word' id='word_1_254' title='bbox 1231 3120 1428 3187; x_wconf 83' lang='lat' dir='ltr'>exulceratos</span> 
     </span>
     <span class='ocr_line' id='line_1_33' title="bbox 388 3206 1426 3295; baseline -0.005 -19"><span class='ocrx_word' id='word_1_255' title='bbox 388 3213 555 3295; x_wconf 87' lang='lat' dir='ltr'>ignominia</span> <span class='ocrx_word' id='word_1_256' title='bbox 565 3210 735 3273; x_wconf 84' lang='lat' dir='ltr'>stimularet</span> <span class='ocrx_word' id='word_1_257' title='bbox 747 3208 876 3285; x_wconf 86' lang='lat' dir='ltr'>animos,</span> <span class='ocrx_word' id='word_1_258' title='bbox 888 3218 990 3269; x_wconf 87' lang='lat' dir='ltr'>castra</span> <span class='ocrx_word' id='word_1_259' title='bbox 1004 3206 1158 3280; x_wconf 83' lang='lat' dir='ltr'>invasere:</span> <span class='ocrx_word' id='word_1_260' title='bbox 1182 3215 1215 3266; x_wconf 87' lang='lat' dir='ltr'>et</span> <span class='ocrx_word' id='word_1_261' title='bbox 1228 3227 1283 3288; x_wconf 79' lang='lat' dir='ltr'>pro</span> <span class='ocrx_word' id='word_1_262' title='bbox 1294 3206 1426 3288; x_wconf 84' lang='lat' dir='ltr'>se&#39;quis·</span> 
     </span>
     <span class='ocr_line' id='line_1_34' title="bbox 387 3290 1427 3379; baseline -0.007 -18"><span class='ocrx_word' id='word_1_263' title='bbox 387 3318 457 3379; x_wconf 87' lang='lat' dir='ltr'>que,</span> <span class='ocrx_word' id='word_1_264' title='bbox 472 3300 554 3361; x_wconf 89' lang='lat' dir='ltr'>‘non</span> <span class='ocrx_word' id='word_1_265' title='bbox 575 3298 638 3359; x_wconf 84' lang='lat' dir='ltr'>haec</span> <span class='ocrx_word' id='word_1_266' title='bbox 659 3294 800 3370; x_wconf 72' lang='lat' dir='ltr'>briculas,</span> <span class='ocrx_word' id='word_1_267' title='bbox 814 3313 873 3354; x_wconf 90' lang='lat' dir='ltr'>nec</span> <span class='ocrx_word' id='word_1_268' title='bbox 891 3290 1052 3369; x_wconf 85' lang='lat' dir='ltr'>Caudium,</span> <span class='ocrx_word' id='word_1_269' title='bbox 1067 3311 1125 3352; x_wconf 89' lang='lat' dir='ltr'>nec</span> <span class='ocrx_word' id='word_1_270' title='bbox 1134 3291 1229 3353; x_wconf 88' lang='lat' dir='ltr'>saltus</span> <span class='ocrx_word' id='word_1_271' title='bbox 1239 3291 1335 3353; x_wconf 84' lang='lat' dir='ltr'>invios</span> <span class='ocrx_word' id='word_1_272' title='bbox 1345 3314 1427 3373; x_wconf 83' lang='lat' dir='ltr'>esse,</span> 
     </span>
    </p>

    <p class='ocr_par' dir='ltr' id='par_1_7' title="bbox 386 3375 1427 3462">
     <span class='ocr_line' id='line_1_35' title="bbox 386 3375 1427 3462; baseline -0.002 -19"><span class='ocrx_word' id='word_1_273' title='bbox 386 3384 398 3418; x_wconf 88' lang='lat'>‘</span> <span class='ocrx_word' id='word_1_274' title='bbox 411 3384 462 3443; x_wconf 92' lang='lat' dir='ltr'>ubi</span> <span class='ocrx_word' id='word_1_275' title='bbox 477 3402 607 3445; x_wconf 89' lang='lat' dir='ltr'>errorem</span> <span class='ocrx_word' id='word_1_276' title='bbox 619 3382 699 3443; x_wconf 82' lang='lat' dir='ltr'>fraus</span> <span class='ocrx_word' id='word_1_277' title='bbox 713 3379 842 3462; x_wconf 85' lang='lat' dir='ltr'>superbe</span> <span class='ocrx_word' id='word_1_278' title='bbox 855 3378 976 3444; x_wconf 81' lang='lat' dir='ltr'>vicisset</span> <span class='ocrx_word' id='word_1_279' title='bbox 984 3399 995 3454; x_wconf 68' lang='grc' dir='ltr'><strong><em>ς</em></strong></span> <span class='ocrx_word' id='word_1_280' title='bbox 1018 3377 1072 3437; x_wconf 91' lang='lat' dir='ltr'>sed</span> <span class='ocrx_word' id='word_1_281' title='bbox 1087 3375 1258 3439; x_wconf 85' lang='lat' dir='ltr'>Romanam</span> <span class='ocrx_word' id='word_1_282' title='bbox 1268 3376 1427 3458; x_wconf 81' lang='lat' dir='ltr'>virtutem,</span> 
     </span>
    </p>

    <p class='ocr_par' dir='ltr' id='par_1_8' title="bbox 384 3460 1428 4056">
     <span class='ocr_line' id='line_1_36' title="bbox 385 3460 1427 3547; baseline -0.002 -18"><span class='ocrx_word' id='word_1_283' title='bbox 385 3468 397 3502; x_wconf 89' lang='lat'>‘</span> <span class='ocrx_word' id='word_1_284' title='bbox 411 3487 502 3547; x_wconf 88' lang='lat' dir='ltr'>quarn</span> <span class='ocrx_word' id='word_1_285' title='bbox 517 3488 573 3528; x_wconf 91' lang='lat' dir='ltr'>nec</span> <span class='ocrx_word' id='word_1_286' title='bbox 588 3465 711 3543; x_wconf 87' lang='lat' dir='ltr'>vallum,</span> <span class='ocrx_word' id='word_1_287' title='bbox 722 3486 780 3527; x_wconf 89' lang='lat' dir='ltr'>nec</span> <span class='ocrx_word' id='word_1_288' title='bbox 791 3464 880 3526; x_wconf 76' lang='lat' dir='ltr'>fossae</span> <span class='ocrx_word' id='word_1_289' title='bbox 892 3460 1050 3539; x_wconf 84' lang='lat' dir='ltr'>arcerent,’</span> <span class='ocrx_word' id='word_1_290' title='bbox 1073 3474 1289 3541; x_wconf 78' lang='lat' dir='ltr'>memorantes,</span> <span class='ocrx_word' id='word_1_291' title='bbox 1303 3464 1427 3528; x_wconf 71' lang='lat' dir='ltr'>cedunt</span> 
     </span>
     <span class='ocr_line' id='line_1_37' title="bbox 384 3550 1425 3635; baseline -0.003 -22"><span class='ocrx_word' id='word_1_292' title='bbox 384 3552 499 3635; x_wconf 83' lang='lat' dir='ltr'>pariter</span> <span class='ocrx_word' id='word_1_293' title='bbox 520 3551 691 3614; x_wconf 86' lang='lat' dir='ltr'>resistentes</span> <span class='ocrx_word' id='word_1_294' title='bbox 713 3551 866 3630; x_wconf 85' lang='lat' dir='ltr'>fusosque,</span> <span class='ocrx_word' id='word_1_295' title='bbox 881 3550 1011 3609; x_wconf 85' lang='lat' dir='ltr'>inermes</span> <span class='ocrx_word' id='word_1_296' title='bbox 1033 3558 1126 3628; x_wconf 87' lang='lat' dir='ltr'>atque</span> <span class='ocrx_word' id='word_1_297' title='bbox 1148 3560 1291 3628; x_wconf 84' lang='lat' dir='ltr'>armatos,</span> <span class='ocrx_word' id='word_1_298' title='bbox 1309 3569 1425 3629; x_wconf 76' lang='lat' dir='ltr'>servos,</span> 
     </span>
     <span class='ocr_line' id='line_1_38' title="bbox 385 3631 1424 3719; baseline -0.006 -19"><span class='ocrx_word' id='word_1_299' title='bbox 385 3639 506 3715; x_wconf 86' lang='lat' dir='ltr'>liberos,</span> <span class='ocrx_word' id='word_1_300' title='bbox 531 3638 668 3719; x_wconf 89' lang='lat' dir='ltr'>puberes,</span> <span class='ocrx_word' id='word_1_301' title='bbox 690 3636 859 3719; x_wconf 85' lang='lat' dir='ltr'>inpuberes,</span> <span class='ocrx_word' id='word_1_302' title='bbox 891 3633 1039 3711; x_wconf 87' lang='lat' dir='ltr'>homines,</span> <span class='ocrx_word' id='word_1_303' title='bbox 1062 3631 1274 3716; x_wconf 85' lang='lat' dir='ltr'>jumentaque.</span> <span class='ocrx_word' id='word_1_304' title='bbox 1295 3654 1350 3696; x_wconf 86' lang='lat' dir='ltr'>nec</span> <span class='ocrx_word' id='word_1_305' title='bbox 1370 3634 1424 3695; x_wconf 91' lang='lat' dir='ltr'>ul-</span> 
     </span>
     <span class='ocr_line' id='line_1_39' title="bbox 386 3718 1426 3806; baseline -0.004 -20"><span class='ocrx_word' id='word_1_306' title='bbox 386 3725 449 3787; x_wconf 91' lang='lat' dir='ltr'>lum</span> <span class='ocrx_word' id='word_1_307' title='bbox 464 3723 659 3806; x_wconf 74' lang='lat' dir='ltr'>superbiisset</span> <span class='ocrx_word' id='word_1_308' title='bbox 675 3720 797 3799; x_wconf 87' lang='lat' dir='ltr'>animal,</span> <span class='ocrx_word' id='word_1_309' title='bbox 818 3720 850 3800; x_wconf 89' lang='lat' dir='ltr'>ni</span> <span class='ocrx_word' id='word_1_310' title='bbox 871 3718 1010 3780; x_wconf 89' lang='lat' dir='ltr'>consules</span> <span class='ocrx_word' id='word_1_311' title='bbox 1030 3720 1164 3800; x_wconf 87' lang='lat' dir='ltr'>receptui</span> <span class='ocrx_word' id='word_1_312' title='bbox 1180 3720 1299 3802; x_wconf 85' lang='lat' dir='ltr'>signum</span> <span class='ocrx_word' id='word_1_313' title='bbox 1315 3718 1426 3782; x_wconf 83' lang='lat' dir='ltr'>dedis-</span> 
     </span>
     <span class='ocr_line' id='line_1_40' title="bbox 385 3802 1428 3889; baseline -0.002 -16"><span class='ocrx_word' id='word_1_314' title='bbox 385 3802 649 3889; x_wconf 73' lang='lat' dir='ltr'>s&#39;ent,‚avidosque</span> <span class='ocrx_word' id='word_1_315' title='bbox 671 3808 760 3869; x_wconf 77' lang='lat' dir='ltr'>cedis</span> <span class='ocrx_word' id='word_1_316' title='bbox 782 3805 894 3867; x_wconf 85' lang='lat' dir='ltr'>milites</span> <span class='ocrx_word' id='word_1_317' title='bbox 909 3825 926 3864; x_wconf 89' lang='lat' dir='ltr'>e</span> <span class='ocrx_word' id='word_1_318' title='bbox 941 3804 1049 3865; x_wconf 89' lang='lat' dir='ltr'>castris</span> <span class='ocrx_word' id='word_1_319' title='bbox 1073 3805 1208 3867; x_wconf 89' lang='lat' dir='ltr'>bostium</span> <span class='ocrx_word' id='word_1_320' title='bbox 1234 3806 1362 3888; x_wconf 89' lang='lat' dir='ltr'>imperio</span> <span class='ocrx_word' id='word_1_321' title='bbox 1383 3828 1428 3871; x_wconf 82' lang='lat' dir='ltr'>ae</span> 
     </span>
     <span class='ocr_line' id='line_1_41' title="bbox 384 3889 1428 3977; baseline 0 -20"><span class='ocrx_word' id='word_1_322' title='bbox 384 3894 475 3962; x_wconf 85' lang='lat' dir='ltr'>minis</span> <span class='ocrx_word' id='word_1_323' title='bbox 505 3894 698 3977; x_wconf 86' lang='lat' dir='ltr'>expulissent.</span> <span class='ocrx_word' id='word_1_324' title='bbox 746 3890 853 3973; x_wconf 86' lang='lat' dir='ltr'>ltaque</span> <span class='ocrx_word' id='word_1_325' title='bbox 875 3890 956 3973; x_wconf 91' lang='lat' dir='ltr'>apud</span> <span class='ocrx_word' id='word_1_326' title='bbox 979 3889 1112 3951; x_wconf 83' lang='lat' dir='ltr'>infensos</span> <span class='ocrx_word' id='word_1_327' title='bbox 1134 3892 1174 3952; x_wconf 96' lang='lat' dir='ltr'>ob</span> <span class='ocrx_word' id='word_1_328' title='bbox 1196 3892 1428 3973; x_wconf 78' lang='lat' dir='ltr'>interpellatam</span> 
     </span>
     <span class='ocr_line' id='line_1_42' title="bbox 384 3976 1427 4056; baseline -0.001 -13"><span class='ocrx_word' id='word_1_329' title='bbox 384 3980 574 4045; x_wconf 88' lang='lat' dir='ltr'>dulcedinem</span> <span class='ocrx_word' id='word_1_330' title='bbox 601 3979 651 4041; x_wconf 84' lang='lat' dir='ltr'>ine</span> <span class='ocrx_word' id='word_1_331' title='bbox 683 3976 842 4041; x_wconf 89' lang='lat' dir='ltr'>confestim</span> <span class='ocrx_word' id='word_1_332' title='bbox 869 3976 966 4039; x_wconf 87' lang='lat' dir='ltr'>oratio</span> <span class='ocrx_word' id='word_1_333' title='bbox 996 3976 1103 4038; x_wconf 85' lang='lat' dir='ltr'>habita</span> <span class='ocrx_word' id='word_1_334' title='bbox 1124 3987 1179 4056; x_wconf 86' lang='lat' dir='ltr'>est,</span> <span class='ocrx_word' id='word_1_335' title='bbox 1200 3988 1236 4040; x_wconf 91' lang='lat' dir='ltr'>ut</span> <span class='ocrx_word' id='word_1_336' title='bbox 1258 3976 1427 4042; x_wconf 87' lang='lat' dir='ltr'>doceretur</span> 
     </span>
    </p>
   </div>
   <div class='ocr_carea' id='block_1_3' title="bbox 743 4150 1068 4217">
    <p class='ocr_par' dir='ltr' id='par_1_9' title="bbox 743 4150 1068 4217">
     <span class='ocr_line' id='line_1_43' title="bbox 743 4150 1068 4217; baseline 0.006 -18"><span class='ocrx_word' id='word_1_337' title='bbox 743 4158 756 4187; x_wconf 79' lang='lat'>⁸</span> <span class='ocrx_word' id='word_1_338' title='bbox 770 4150 823 4199; x_wconf 82' lang='lat' dir='ltr'>add.</span> <span class='ocrx_word' id='word_1_339' title='bbox 831 4166 913 4217; x_wconf 71' lang='lat' dir='ltr'>pugne</span> <span class='ocrx_word' id='word_1_340' title='bbox 923 4150 996 4201; x_wconf 84' lang='lat' dir='ltr'>Doer.</span> <span class='ocrx_word' id='word_1_341' title='bbox 1006 4150 1068 4217; x_wconf 84' lang='lat' dir='ltr'>liup.</span> 
     </span>
    </p>
   </div>
   <div class='ocr_carea' id='block_1_4' title="bbox 382 4252 1432 4476">
    <p class='ocr_par' dir='ltr' id='par_1_10' title="bbox 382 4252 1432 4476">
     <span class='ocr_line' id='line_1_44' title="bbox 413 4252 1432 4360; baseline 0.007 -20"><span class='ocrx_word' id='word_1_342' title='bbox 413 4290 436 4325; x_wconf 78' lang='lat'>⁴⁰</span> <span class='ocrx_word' id='word_1_343' title='bbox 451 4293 543 4357; x_wconf 68' lang='lat' dir='ltr'>Signiam</span> <span class='ocrx_word' id='word_1_344' title='bbox 560 4292 651 4359; x_wconf 77' lang='lat' dir='ltr'>pugne]</span> <span class='ocrx_word' id='word_1_345' title='bbox 670 4252 783 4343; x_wconf 78' lang='lat' dir='ltr'>Tunicam</span> <span class='ocrx_word' id='word_1_346' title='bbox 801 4309 885 4359; x_wconf 85' lang='lat' dir='ltr'>pnrpu-</span> <span class='ocrx_word' id='word_1_347' title='bbox 916 4292 1012 4357; x_wconf 74' lang='lat' dir='ltr'>nmero]</span> <span class='ocrx_word' id='word_1_348' title='bbox 1035 4294 1067 4341; x_wconf 84' lang='lat' dir='ltr'>Se</span> <span class='ocrx_word' id='word_1_349' title='bbox 1087 4292 1218 4345; x_wconf 79' lang='lat' dir='ltr'>Tarentinis</span> <span class='ocrx_word' id='word_1_350' title='bbox 1240 4296 1301 4360; x_wconf 72' lang='lat' dir='ltr'>pacis</span> <span class='ocrx_word' id='word_1_351' title='bbox 1321 4298 1432 4351; x_wconf 71' lang='lat' dir='ltr'>auctoni.v</span> 
     </span>
     <span class='ocr_line' id='line_1_45' title="bbox 382 4356 1431 4434; baseline 0.012 -31"><span class='ocrx_word' id='word_1_352' title='bbox 382 4364 454 4403; x_wconf 79' lang='lat' dir='ltr'>ream.</span> <span class='ocrx_word' id='word_1_353' title='bbox 487 4356 538 4433; x_wconf 55' lang='lat' dir='ltr'>lud:</span> <span class='ocrx_word' id='word_1_354' title='bbox 549 4370 598 4406; x_wconf 84' lang='lat' dir='ltr'>not.</span> <span class='ocrx_word' id='word_1_355' title='bbox 610 4361 650 4406; x_wconf 78' lang='lat'>⁴9.</span> <span class='ocrx_word' id='word_1_356' title='bbox 662 4360 688 4406; x_wconf 83' lang='lat' dir='ltr'>ad</span> <span class='ocrx_word' id='word_1_357' title='bbox 700 4374 721 4407; x_wconf 85' lang='lat' dir='ltr'>c.</span> <span class='ocrx_word' id='word_1_358' title='bbox 735 4360 842 4408; x_wconf 80' lang='lat' dir='ltr'>l2.l.vr.</span> <span class='ocrx_word' id='word_1_359' title='bbox 915 4358 965 4414; x_wconf 83' lang='lat' dir='ltr'>bos,</span> <span class='ocrx_word' id='word_1_360' title='bbox 981 4372 1061 4421; x_wconf 76' lang='lat' dir='ltr'>pacem</span> <span class='ocrx_word' id='word_1_361' title='bbox 1071 4360 1225 4420; x_wconf 77' lang='lat' dir='ltr'>suadentibus,</span> <span class='ocrx_word' id='word_1_362' title='bbox 1242 4379 1316 4429; x_wconf 81' lang='lat' dir='ltr'>usque</span> <span class='ocrx_word' id='word_1_363' title='bbox 1326 4365 1431 4434; x_wconf 77' lang='lat' dir='ltr'>obsequi</span> 
     </span>
     <span class='ocr_line' id='line_1_46' title="bbox 412 4418 1244 4476; baseline 0.017 -10"><span class='ocrx_word' id='word_1_364' title='bbox 412 4420 435 4458; x_wconf 85' lang='lat'>⁴⁷</span> <span class='ocrx_word' id='word_1_365' title='bbox 452 4419 467 4451; x_wconf 69' lang='lat'>⁸</span> <span class='ocrx_word' id='word_1_366' title='bbox 485 4418 513 4467; x_wconf 79' lang='lat' dir='ltr'>Se</span> <span class='ocrx_word' id='word_1_367' title='bbox 528 4434 554 4469; x_wconf 83' lang='lat' dir='ltr'>ns</span> <span class='ocrx_word' id='word_1_368' title='bbox 569 4424 699 4471; x_wconf 68' lang='lat' dir='ltr'>anctoritate</span> <span class='ocrx_word' id='word_1_369' title='bbox 719 4422 885 4473; x_wconf 75' lang='lat' dir='ltr'>Tarsatimrrm</span> <span class='ocrx_word' id='word_1_370' title='bbox 915 4422 982 4476; x_wconf 75' lang='lat' dir='ltr'>velit·</span> <span class='ocrx_word' id='word_1_371' title='bbox 1241 4442 1244 4448; x_wconf 89' lang='lat'>&#39;</span> 
     </span>
    </p>
   </div>
   <div class='ocr_carea' id='block_1_5' title="bbox 0 0 1592 5200">
    <p class='ocr_par' dir='ltr' id='par_1_11' title="bbox 0 0 1592 5200">
     <span class='ocr_line' id='line_1_47' title="bbox 0 0 1592 5200; baseline 0 2"><span class='ocrx_word' id='word_1_372' title='bbox 0 0 1592 5200; x_wconf 95' lang='lat' dir='ltr'> </span> 
     </span>
    </p>
   </div>
  </div>
 </body>
</html>
