3175 5200
473 366 553 428 mu.
567 366 603 427 V.
624 361 708 429 clu.
726 365 872 428 XXVIII.
1146 366 1205 425 821

159 520 170 559 ‘
185 520 248 587 Vos
268 524 360 589 fidem
375 521 407 587 in
429 524 522 604 bello,
537 532 629 607 quam
644 538 824 609 praesentem
844 521 1015 601 victoriam,
1029 517 1180 584 maluistis
1194 540 1204 583 s
1219 518 1254 571 u·
1263 521 1294 571 c·
1303 522 1361 571 ³⁶¹·

160 610 254 691 ‘noe,
267 612 327 677 fide
342 614 509 697 provocati,
525 614 685 677 victoriam
700 613 782 675 ultro
797 610 971 675 detulimus.
1008 607 1072 672 Sub
1086 608 1205 672 ditione
1218 587 1251 639 Α·
1262 584 1293 635 ⁰·
1302 588 1360 637 ³⁹¹·

159 698 286 763 ‘vestra
305 720 417 763 sumus.
461 698 592 778 Mittite,
608 700 659 781 qui
677 720 772 777 arma,
800 699 852 781 qui
878 696 1011 775 obsides,
1031 696 1083 777 qui
1097 696 1205 758 urbem

81 815 88 835 ·
159 784 363 869 ‘patentibus
388 787 485 870 portis
499 787 665 869 accipiant.
702 784 770 847 Nec
784 807 837 848 vos
853 783 924 846 fidei
938 795 1061 862 nostre,
1076 802 1134 845 nec
1148 804 1206 845 nos

160 871 304 955 ‘imperii
313 874 402 936 vestri
422 870 606 957 poenitebit.‘
642 872 774 935 Camillo
790 883 822 935 et
832 872 871 933 ab
886 870 1025 932 hostibus
1040 883 1074 931 et
1091 889 1111 929 a
1130 871 1207 932 civi-

161 958 219 1023 bus
229 960 334 1041 grafia
346 971 432 1023 acta.
455 958 580 1023 Faliscis
596 961 628 1021 in
648 959 835 1043 stipendium
850 957 983 1020 militum
999 954 1064 1037 ejus
1076 958 1158 1034 anni,
1171 968 1208 1018 ut

161 1046 291 1129 populus
315 1045 472 1111 Romanus
488 1047 604 1110 tributo
619 1058 753 1125 vacaret,
777 1046 910 1130 pecunia
935 1044 1096 1127 imperata.
1128 1042 1207 1105 Pace

162 1130 245 1209 dats,
260 1134 412 1197 exercitus
424 1133 556 1197 Romam
570 1134 723 1196 reductus.

202 1216 353 1283 XXVIII.
374 1219 521 1283 Camillus
545 1220 670 1284 meliore
698 1218 795 1281 multo
819 1218 921 1295 laude,
938 1238 1031 1299 quam
1045 1237 1139 1299 quum
1152 1214 1208 1279 tri-

160 1307 364 1390 umphantem
380 1308 441 1370 albi
457 1328 511 1391 per
525 1308 631 1369 urbem
643 1317 787 1369 vexerant
803 1306 885 1387 equi,
902 1309 927 1344 ¹⁰
937 1304 1065 1387 insignis
1087 1303 1210 1386 justitia

161 1392 294 1474 fideque,
316 1392 580 1473 hostibusvictis,
610 1404 703 1476 quum
723 1394 755 1455 in
779 1392 884 1455 urbem
912 1392 1052 1469 redisset,
1076 1394 1101 1431 ¹¹
1115 1372 1210 1453 tacite

163 1477 229 1560 ejus
244 1481 457 1543 verecundiam
474 1501 536 1545 non
560 1480 631 1544 tulit
653 1492 787 1557 senatus,
811 1478 885 1559 quin
900 1478 966 1539 sine
990 1498 1078 1539 mora
1090 1478 1154 1540 voti
1169 1477 1208 1539 li·

160 1566 336 1630 beraretur:
364 1580 572 1649 crateramque
607 1588 728 1630 auream
760 1566 876 1628 donum
903 1564 1039 1647 Apollini
1068 1562 1208 1647 Delphos
1220 1570 1356 1652 Μὶιιίῐὶοιἴ

162 1652 258 1734 legati
273 1654 324 1735 qui
340 1653 465 1733 ferrent,
484 1652 520 1717 L.
535 1653 686 1735 Valerius,
701 1652 737 1716 1.
748 1651 883 1735 Sergius,
904 1651 945 1713 A.
959 1649 1106 1729 Manlius,
1122 1651 1206 1733 missi
1219 1638 1278 1704 phu
1287 1638 1356 1700 Ψ

165 1742 189 1779 ¹¹
206 1740 299 1823 longa
320 1761 382 1804 uua
407 1762 495 1818 nave,
512 1741 595 1805 haud
609 1741 715 1824 procul
739 1740 819 1801 freto
830 1736 935 1801 Siculo
952 1758 971 1799 a
989 1738 1097 1821 piratis
1111 1736 1207 1822 Lipa·
1219 1718 1274 1755 “¹⁸
1284 1705 1354 1754 ω’

163 1826 296 1889 rensium
322 1828 455 1911 excepti,
486 1827 677 1891 devehuntur
706 1825 844 1910 Liparas.
876 1822 950 1887 Mos
972 1836 1039 1887 erat
1065 1825 1209 1904 civitatis,

163 1913 245 1975 velut
267 1914 391 1996 publico
417 1914 578 1978 latrocinio
602 1926 723 1997 partam
743 1913 878 1997 praedam
901 1912 1045 1975 dividere.
1067 1912 1147 1975 forte
1171 1934 1211 1976 co

165 2020 246 2063 anno
273 2001 306 2063 in
324 2021 447 2065 summo
477 2002 656 2085 magistratu
683 2014 750 2065 erat
763 1998 973 2063 Timasitheus
987 1998 1123 2080 quidam,
1145 1998 1212 2063 Ro-
1221 2006 1360 2087 'nummu

71 2164 73 2168 Α
167 2084 266 2149 manis
281 2086 326 2149 vir
352 2088 490 2166 similior,
520 2108 613 2171 quarn
627 2088 699 2151 suis.
730 2088 792 2170 qui,
819 2087 990 2169 legatomm
1004 2106 1129 2167 nornen,
1154 2076 1353 2203 deff

167 2194 310 2256 numque,
332 2186 365 2239 et
378 2173 492 2253 Deum,
507 2175 555 2237 cui
580 2176 764 2254 mitteretur,
790 2185 824 2236 et
850 2174 924 2237 doni
950 2194 1089 2236 caussam
1099 2174 1214 2237 veritus
1305 2174 1313 2189 ’

168 2260 244 2343 ipse,
265 2260 491 2324 multitudinem
521 2282 652 2344 quoque,
675 2282 740 2344 qua
766 2282 886 2345 semper
912 2260 1007 2324 ferme
1026 2261 1143 2344 regenti
1167 2272 1214 2324 est

169 2346 289 2424 similis,
319 2348 475 2430 religionis
495 2346 586 2430 justa
610 2349 759 2432 inplevit:
783 2348 1005 2430 adductosque
1013 2348 1046 2410 in
1059 2347 1214 2431 publicum

171 2432 337 2516 hospitium
370 2435 499 2517 legatos,
524 2456 594 2499 curn
632 2436 772 2519 prasidio
810 2435 905 2499 etiam
933 2435 1056 2517 navium
1077 2433 1215 2517 Delphos

171 2527 358 2604 prosecutus,
378 2520 512 2585 Romam
528 2522 600 2585 inde
625 2522 757 2606 sospites
775 2522 918 2584 restituit.
953 2518 1130 2605 Hospitium
1143 2540 1215 2585 cum

172 2627 209 2669 eo
224 2609 485 2672 senatusconsulto
504 2610 692 2687 estfactum,
708 2609 849 2691 donaque
874 2608 1028 2691 ¹³publics
1043 2608 1127 2671 data.
1151 2607 1215 2670 Eo-
1227 2621 1383 2672 neummn

173 2693 244 2756 dem
259 2715 341 2758 anno
356 2695 387 2757 in
399 2693 509 2779 AEquis
532 2697 613 2758 varie
630 2696 798 2758 bellatum:
821 2696 901 2758 adeo
915 2706 951 2756 ut
968 2695 1001 2756 in
1016 2694 1134 2757 incerto
1149 2694 1217 2757 lue·
1227 2687 1322 2754 AEquts

172 2780 213 2844 rit
231 2793 264 2844 et
291 2782 372 2866 apud
396 2782 478 2872 ipsos
500 2783 652 2846 exercitus
678 2795 710 2846 et
725 2781 842 2862 Romoe,
864 2781 1019 2860 vicissent,
1033 2781 1147 2845 victine
1167 2803 1216 2846 es-

170 2878 249 2930 sent.
293 2865 497 2952 Imperatores
526 2868 659 2933 Romani
689 2870 772 2934 fuere
796 2889 837 2932 ex
866 2868 995 2932 tribunis
1019 2867 1152 2932 militum
1177 2867 1217 2934 C.

170 2949 329 3032 AEmilius,
350 2953 406 3038 Sp.
436 2954 622 3020 Postumius.
667 2954 769 3020 Primo
794 2977 858 3018 rem
883 2955 1088 3018 communiter
1113 2977 1219 3038 gesse·

171 3049 266 3100 runts
288 3040 363 3102 fusis
384 3041 455 3103 inde
486 3043 551 3104 acie
572 3042 721 3104 hostibus.
736 3040 898 3105 AEmilium
913 3040 1056 3126 prasidio
1068 3039 1219 3123 Verrugi-

171 3144 243 3188 nem
261 3125 400 3188 obtinere
425 3127 552 3212 placuit,
578 3124 872 3215 Postumiumpfines
896 3140 1030 3190 vastare.
1071 3125 1120 3188 lbi
1136 3137 1218 3206 euin,

172 3209 378 3294 incomposito
394 3213 516 3294 agmine
542 3213 751 3294 neglegentius
773 3213 861 3274 abre
885 3213 963 3275 beue
978 3222 1068 3293 gesta
1084 3224 1219 3292 euntem,

174 3297 274 3360 adorti
290 3295 397 3379 AEqui,
413 3309 527 3360 terrore
553 3297 678 3380 injecto,
694 3299 726 3360 in
749 3298 906 3382 proximos
925 3298 1101 3380 compulere
1115 3310 1220 3366 tumu-

173 3382 245 3448 los:
277 3404 429 3466 pavorque
454 3384 524 3447 inde
554 3382 755 3466 Verruginem
771 3385 866 3448 etiam
880 3385 921 3448 od
943 3383 1117 3470 presidium
1136 3386 1219 3449 alte·

173 3491 240 3533 rurn
270 3482 318 3534 est
341 3471 484 3553 perlatus.
527 3469 711 3550 Postumius,
735 3471 797 3534 suis
811 3473 845 3535 in
859 3481 959 3536 tutum
974 3473 1114 3556 receptis,
1126 3491 1220 3556 quum

174 3556 322 3620 concione
343 3558 490 3620 advocata
506 3569 653 3622 terrorem
672 3559 844 3642 increparet
854 3581 890 3622 ac
905 3559 1029 3642 iugam3
1055 3560 1137 3624 fusos
1152 3581 1220 3624 esse

173 3643 212 3705 ab
228 3643 423 3727 ignavissimo
446 3657 479 3709 et
500 3644 697 3728 fugacissimo
720 3647 831 3724 hoste3
862 3647 1039 3710 conclamat
1062 3649 1220 3711 universus

171 3731 335 3810 exercitus,
349 3731 460 3796 merito
475 3753 508 3794 se
523 3754 560 3794 ea
582 3732 697 3812 audire,
712 3743 744 3794 et
761 3732 850 3796 lateri
866 3733 1033 3796 admissum
1048 3734 1221 3816 flagitiumr

172 3818 228 3881 sed
247 3817 370 3881 eosdem
402 3831 598 3882 conrecturos
619 3840 695 3900 esse,
717 3840 816 3903 neque
830 3819 1007 3884 diuturnum
1026 3819 1059 3886 id
1077 3819 1223 3904 gaudium

118 3943 122 3950 ’
205 3947 230 3984 ¹⁰
256 3946 681 4024 merrufidoqmlanlu
745 3944 1221 4013 ¹²10aga....am]1mgnmvisus,
1257 3995 1262 4010 .

170 4012 462 4075 uictis11usr1u'urictoria
478 4025 507 4062 ex
523 4011 627 4063 hostibus
637 4027 678 4078 per
710 4027 766 4078 qum
786 4024 812 4062 et
830 4012 915 4090 Grati·
926 4023 1008 4061 vocent
1026 4010 1129 4075 mpii,
1149 4025 1220 4075 oppo-

168 4081 322 4194 luil‘bl'nil
329 4079 564 4209 mimda]
590 4144 682 4193 omno.
713 4089 948 4206 imum?
974 4075 1224 4192 Quintianis?

170 4210 225 4260 rius
241 4209 299 4270 legit
321 4211 392 4270 taciti,
412 4210 436 4258 id
455 4221 490 4260 est
509 4212 614 4268 trceuth,
632 4225 682 4258 non
713 4209 763 4258 Illis
774 4208 886 4270 adbells,
904 4207 941 4256 hir
959 4208 988 4256 rd
1004 4207 1181 4270 segontiensis
1197 4217 1223 4257 et

174 4275 300 4337 merentia
346 4275 423 4324 Etiam
450 4285 536 4334 tacens,
566 4276 615 4325 solo
641 4276 683 4322 ad·
715 4274 897 4338 espomtiooeru
915 4274 1035 4332 ιιιοτάιιιιι,
1052 4285 1223 4323 momentosas

170 4352 263 4402 speetu,
279 4341 417 4390 admouebat
433 4341 480 4389 rori
499 4355 546 4390 non
563 4340 677 4390 exsoluti:
713 4341 758 4389 dic.
777 4339 912 4390 urebantur.
949 4339 1001 4388 Illas
1018 4338 1096 4404 remis,
1112 4339 1151 4388 bor
1167 4338 1223 4387 velia

174 4420 244 4467 quarn
260 4406 421 4455 rerecrmdism
439 4421 486 4456 aon
502 4408 558 4456 tulit
577 4415 682 4465 senatus,
714 4403 849 4467 agebantur.

395 4487 488 4540 ..a
507 4484 534 4582 ι
713 4469 1136 4604 mmo
1156 4468 1224 4558 ιι
1262 4555 1268 4563 .

160 4647 174 4711 ι,
183 4653 187 4662 .
220 4623 295 4672 vor.
310 4623 333 4670 1.
669 4587 673 4594 ’
769 4623 792 4670 r
