3175 5200
445 294 504 352 lm
868 287 1073 354 T1T1'L1v11

277 435 311 486 υ.
320 437 348 488 c.
359 441 416 490 tat.
443 457 520 510 certa
534 447 650 514 moenia
663 445 793 508 militem
807 445 934 523 detinet,
957 467 997 508 ne
1011 467 1102 528 quam
1115 450 1268 514 occultam
1290 452 1323 514 in
1345 453 1464 519 fraudem

273 502 414 576 acmes
444 533 450 546 -

441 545 579 596 incautus
595 543 706 594 rueret.
748 531 833 594 Duas
856 544 970 595 tunnas
991 533 1141 596 sociorum
1156 533 1257 598 latim
1273 540 1403 601 nominis
1416 543 1465 603 cir·

439 618 646 699 cumequitare
668 618 792 695 moenia,
818 629 909 699 atque
931 619 1089 700 explorare
1114 623 1219 683 omnia
1239 621 1338 704 jubet.
1363 629 1463 707 equites

437 717 560 787 portam
574 724 666 766 unam
681 704 865 787 alteramque
884 705 1028 766 ”eadem
1042 707 1163 788 regione
1182 708 1215 770 iu
1237 711 1404 794 propinquo
1416 733 1463 794 pa·

438 801 541 852 tentes
566 789 766 872 conspiciunt,
788 790 1003 874 itineribusque
1027 791 1065 852 iis
1086 794 1214 875 vestigia
1233 807 1386 858 noemma
1402 799 1464 859 bos·

438 875 517 938 tium
537 875 622 958 fuga.
664 875 852 958 Adequitaut
865 876 975 938 deiude
996 878 1110 940 sensim
1134 881 1238 962 portis,
1259 883 1420 964 urbemque
1431 904 1464 946 ex

437 971 506 1023 tuto
521 963 609 1022 rectis
624 961 780 1024 itineribus
798 962 932 1043 perviam
952 964 1164 1045 conspiciunt:
1191 965 1232 1027 ad
1252 969 1402 1030 consulem
1422 991 1462 1031 re·

437 1046 550 1126 semnt,
576 1067 730 1109 excessum
746 1048 839 1123 urbe3
864 1048 1028 1110 solitudine
1049 1049 1133 1112 haud
1154 1051 1248 1113 dubis
1268 1052 1300 1113 id
1320 1056 1462 1136 ”perspn-

436 1151 526 1194 cuum
551 1155 626 1210 esse,
650 1146 682 1196 et
704 1134 875 1196 recentibus
894 1135 1029 1215 vestigiis
1052 1135 1142 1216 fugae,
1167 1157 1205 1197 ac
1223 1140 1252 1176 ⁸⁰
1260 1149 1357 1219 strage
1368 1161 1461 1200 rerum

435 1219 468 1280 in
493 1219 697 1300 trepidatione
718 1231 868 1282 nocturna
894 1220 1008 1302 passim
1034 1221 1215 1284 relictarum.
1267 1221 1325 1284 His
1351 1223 1461 1301 auditis,

435 1305 541 1366 consul
557 1306 597 1366 ad
610 1327 677 1368 eam
701 1317 819 1387 partem
841 1306 932 1382 urbis,
958 1325 1019 1388 qua
1040 1307 1178 1369 adierunt
1194 1307 1320 1391 equites,
1344 1309 1461 1371 circurn-

434 1389 520 1452 ducit
535 1411 663 1472 agmen:
688 1392 919 1473 constitutisque
932 1392 1017 1454 baud
1032 1393 1136 1474 procul
1150 1404 1238 1475 porta
1256 1395 1360 1476 signis,
1382 1395 1458 1476 quiu-

435 1495 493 1556 que
508 1478 622 1560 equites
639 1477 728 1559 jubet
750 1477 863 1539 intrare
877 1479 993 1556 urbem,
1015 1487 1059 1554 et,
1082 1478 1234 1540 modicum
1254 1482 1387 1562 spatium
1400 1501 1460 1562 pro

432 1581 562 1641 gressos,
579 1573 640 1624 tres
656 1583 778 1624 manere
793 1562 902 1624 eodem
916 1562 997 1641 loco,
1010 1564 1036 1623 si
1052 1576 1120 1626 tuta
1132 1565 1289 1626 videantur
1297 1589 1308 1643 3
1325 1566 1401 1628 duos
1414 1587 1459 1629 ex·

432 1647 551 1727 plorata
571 1648 610 1708 ad
624 1670 657 1709 se
672 1649 793 1710 referre.
838 1647 899 1717 Qui
919 1650 971 1710 ubi
994 1649 1153 1727 redierunt,
1176 1651 1412 1735 retuleruntque,
1429 1671 1460 1714 eo

432 1751 465 1792 se
491 1753 675 1813 progressos,
701 1733 782 1795 unde
806 1732 838 1794 in
861 1751 970 1795 omnes
991 1747 1092 1815 partes
1117 1737 1352 1818 circumspectus
1378 1749 1459 1814 esset,

433 1817 524 1897 louge
548 1818 668 1898 lateque
693 1819 848 1880 silentium
866 1839 910 1880 ac
942 1821 1131 1885 solitudinem
1158 1821 1295 1896 uidisse5.
1309 1823 1462 1904 extempio

432 1901 538 1964 cotrsul
558 1903 698 1966 cohortes
720 1905 878 1986 expeditas
891 1905 922 1966 in
937 1907 1043 1966 urbem
1054 1905 1190 1981 induxit3
1211 1917 1328 1968 ceteros
1342 1907 1461 1968 interim

433 1999 534 2050 castra
559 1991 745 2050 communire
767 1987 869 2069 jussit.
892 1990 1019 2070 ingressi
1044 1990 1164 2067 milites,
1185 1991 1322 2051 refractis
1343 1991 1460 2069 ionibus,

431 2093 545 2155 paucos
570 2095 676 2155 graves
709 2086 800 2136 aetate
816 2087 887 2137 'sut
919 2076 1068 2137 invalidos
1098 2075 1261 2151 inueniunt,
1293 2075 1458 2158 relictaque,

431 2169 497 2241 quae
520 2161 651 2240 migratu
671 2160 806 2222 difficilia
825 2172 937 2222 essent.
980 2160 1029 2222 lta
1047 2161 1184 2243 direpta3
1208 2174 1241 2222 et
1254 2161 1408 2242 cognitum
1427 2184 1458 2223 ex

432 2246 560 2326 captivis
573 2258 632 2322 est,
655 2247 808 2308 communi
823 2247 952 2309 consilio
969 2247 1087 2327 aliquot
1108 2247 1191 2309 circa
1208 2247 1298 2308 urbes
1320 2248 1457 2309 conscisse

433 2330 556 2410 iugem
591 2353 661 2394 suos
686 2334 785 2414 prima
807 2332 910 2413 vigilia
930 2332 1095 2414 proiectos.
1122 2332 1254 2408 credere,
1276 2332 1409 2393 eamdem
1428 2334 1455 2392 in

434 2417 501 2478 aliis
515 2419 638 2480 urbibus
651 2419 845 2480 solitudinem
860 2419 1041 2480 inventuros.
1084 2417 1185 2480 Dictis
1200 2417 1455 2500 captivorumfides

433 2503 569 2564 exstitit:
586 2505 711 2565 desertis
725 2503 845 2587 oppidis
859 2505 965 2567 consul
980 2505 1107 2586 potitur.

474 2587 605 2651 XXXV.
626 2589 723 2651 Alteri
747 2591 863 2652 consuli
889 2587 937 2650 M.
950 2589 1047 2652 Atilio
1077 2611 1269 2674 nequaquam
1296 2604 1370 2653 tam·
1385 2589 1455 2651 facile

334 2748 341 2761 Ι
431 2674 542 2735 bellum
558 2674 624 2735 fuit.
668 2674 767 2742 Quum
780 2676 820 2733 ad
831 2674 988 2735 luceriam
1005 2676 1129 2735 duceret
1143 2677 1291 2755 legiones,
1313 2696 1400 2759 quam
1412 2677 1453 2735 ob

429 2758 555 2841 pugnari
570 2757 611 2819 ad
623 2754 813 2819 Samnitibus
824 2758 971 2835 audierat,
986 2758 1027 2818 ad
1041 2758 1133 2818 tinem
1145 2758 1336 2823 [nucerinum
1357 2763 1385 2823 ei
1398 2762 1454 2821 hos·

429 2844 468 2907 tia
491 2842 596 2903 obvim
622 2842 687 2905 suit.
710 2843 754 2904 ibi
780 2843 826 2903 ira
849 2842 927 2903 vires
950 2842 1087 2924 maurit
1130 2841 1272 2905 Proelium
1297 2848 1453 2907 varinmct

349 2948 356 2969 ‘
430 2948 542 3010 anceps
558 2928 634 2991 fuit:
657 2929 771 2989 tristius
787 2939 890 2989 tamen
905 2940 1016 2991 eventu
1030 2927 1176 2989 Romanis
1185 2948 1196 3003 3
1222 2938 1257 2990 et
1269 2931 1347 3009 quia
1362 2930 1452 2992 insueti

430 3025 517 3077 eram
529 3014 621 3091 uinci,
641 3026 674 3077 et
685 3015 756 3097 quia
771 3013 977 3095 digredientes
995 3014 1103 3095 magis,
1125 3034 1216 3095 quam
1239 3013 1357 3095 inipso
1373 3026 1453 3077 certe

429 3102 522 3177 mine,
538 3111 704 3176 auserunt,
724 3111 870 3183 quantum
885 3099 917 3160 in
931 3120 986 3161 sua
1005 3112 1092 3182 parte
1107 3099 1174 3179 plus
1187 3098 1349 3161 vulnerum
1364 3121 1399 3162 ac
1410 3120 1456 3160 ce·

429 3187 477 3248 dis
491 3186 606 3249 fuisset.
650 3183 755 3269 ltaque
770 3186 797 3245 is
812 3198 909 3247 terror
924 3184 956 3246 iu
975 3186 1081 3246 castris
1100 3196 1194 3264 ornus,
1214 3185 1267 3266 qui
1288 3186 1317 3247 si
1332 3206 1454 3268 pugnen-

429 3283 476 3334 tes
500 3272 639 3353 cepisset,
663 3271 789 3353 insignis
809 3283 937 3353 accepta
961 3270 1064 3331 clades
1086 3270 1174 3333 foret,
1216 3268 1332 3333 ⁸¹Tum
1351 3290 1456 3353 quoque

429 3357 562 3420 sollicita
576 3356 711 3419 nonfuit
729 3356 796 3437 jam
818 3356 989 3417 invasurum
1008 3366 1110 3417 castra
1123 3353 1295 3419 Samnitem
1318 3355 1456 3419 credenti·

429 3444 495 3519 bus,
528 3453 583 3503 aut
617 3442 714 3523 prima
741 3441 809 3503 luce
842 3461 913 3502 cum
940 3442 1103 3503 victoribus
1129 3442 1331 3503 conserendas
1351 3460 1455 3501 matius.

429 3524 536 3589 Minus
550 3526 656 3604 cladis,
678 3540 814 3589 ceterum
836 3548 897 3589 non
912 3527 980 3609 plus
999 3526 1179 3604 animorum,
1205 3526 1245 3587 ad
1266 3526 1369 3589 hostes
1388 3536 1453 3587 eret

427 3613 480 3673 ubi
497 3612 626 3695 primum
641 3612 761 3691 inluxit,
782 3612 865 3674 abire
884 3613 949 3673 sine
969 3612 1134 3674 certamine
1156 3612 1292 3693 cupiunt·
1336 3609 1395 3671 Sed
1411 3610 1453 3669 via

428 3716 501 3777 una,
523 3708 555 3759 et
568 3718 605 3759 ea
618 3698 684 3781 ipsa
697 3708 805 3781 praeter
819 3698 934 3776 hostes,
955 3712 1040 3760 erat:
1063 3700 1090 3737 ³²
1099 3696 1177 3780 qua¹
1191 3696 1327 3778 ingressi,
1349 3695 1451 3778 prabu-

760 3821 764 3827 '
867 3826 1027 3892 lenonem.

457 3938 1453 4009 maawaesmmmmwmsummsamu

425 4007 519 4083 unua
540 4004 933 4059 sarantasmum
959 4012 1155 4073 mmm.

425 4196 456 4243 tri
472 4200 568 4257 codices,
583 4212 631 4249 tres
646 4200 795 4260 Gronoriani,
810 4214 836 4252 et
849 4216 930 4253 omnes
989 4203 1013 4238 ³¹
1031 4204 1046 4233 “
1060 4203 1117 4251 Tam
1123 4201 1217 4268 mue]
1231 4201 1450 4260 Etiansslffll*

424 4265 561 4313 vetantem
592 4264 648 4312 editi
680 4266 765 4315 habeut
792 4269 818 4316 id
847 4270 930 4330 pcrqri·
959 4268 1025 4317 rituli
1035 4278 1087 4317 tam
1097 4267 1452 4331 foerir,quam.n'istmr=t·

424 4339 504 4372 raam.-
531 4338 558 4375 ut
578 4328 610 4377 ric
631 4329 826 4394 interpungendua
849 4348 876 4381 at
894 4332 930 4381 le·
959 4332 1149 4395 mnmeepltset.

423 4388 509 4448 ‘ndns
529 4406 580 4441 este
602 4393 642 4441 hic
662 4394 727 4447 locus
746 4398 865 4448 rideatur:
891 4414 930 4452 es·
991 4398 1015 4435 ’¹
1030 4396 1105 4453 Q.
1118 4395 1222 4461 lum]
1243 4397 1312 4451 liene
1335 4392 1447 4451 W
