3175 5200
361 381 420 436 8⁵2
782 371 867 432 ΤΙΤΙ
887 371 987 432 t1v11

197 523 340 578 mm·
362 541 428 594 tum
463 505 666 614 corimriptum
704 537 912 608 armatrunque
946 526 1095 589 trifariam
1129 529 1243 594 divisit.
1285 547 1405 617 partem

198 592 229 642 ⁵⁴
242 593 340 644 ‘lm
362 637 455 680 unam
477 619 508 680 in
531 637 604 698 agro
614 613 744 676 Veiente
769 613 896 676 Euurioe
916 614 1081 697 obposuit:
1105 615 1234 680 alteram
1251 635 1324 684 aute
1352 643 1404 684 ur·

362 704 433 767 bem
448 715 547 766 casus
561 703 662 764 locare
673 699 772 780 jussit.
801 703 827 739 ¹²
836 701 973 764 tribunus
988 701 1127 762 militum·
1139 702 1187 764 liis
1201 707 1241 767 A.
1256 705 1403 788 Manlius,

362 791 432 868 illis,
444 791 495 872 qui
511 789 650 862 adversus
673 785 817 848 Etruscos
831 787 1040 864 mittebantur,
1061 785 1098 848 b.
1113 787 1258 854 AEmilius
1283 815 1402 878 praepo-

363 876 454 938 situs:
478 876 599 937 tertiam
629 884 745 955 purtem
761 873 825 955 ipse
839 873 880 934 ad
894 871 1023 934 Volscos
1043 873 1140 936 duxit.
1165 896 1223 940 uec
1241 881 1402 960 proculab

361 961 497 1024 lanuvio
514 965 538 1002 ¹³
555 960 580 1040 (‘
590 961 630 1023 ad
645 957 808 1021 Mecium'
828 960 854 1021 is
868 958 952 1020 locus
967 959 1091 1040 dicitur)
1109 975 1210 1026 castra
1223 967 1402 1048 obpugnare

361 1059 409 1112 est
436 1049 569 1111 adortus.
606 1046 733 1124 Quibus,
754 1047 792 1106 ab
808 1057 963 1108 contemtu
983 1046 1080 1126 (quod
1094 1069 1188 1132 prope
1203 1072 1326 1114 omnem
1344 1055 1401 1116 de-

362 1137 455 1199 letum
470 1133 595 1196 aGallis
619 1132 789 1194 Romanam
815 1130 1006 1212 juventutem
1026 1133 1197 1215 crederent)
1218 1138 1258 1198 ad
1282 1139 1397 1201 bellum

361 1217 515 1306 profcc‘tis,
537 1231 657 1282 tannim
674 1217 823 1279 Camillus
844 1219 964 1280 nuditus
990 1219 1157 1300 imperator
1179 1225 1298 1286 terroris
1312 1226 1397 1288 iutu-

361 1309 449 1386 lcrst,
464 1319 500 1370 ut
517 1307 597 1368 vallo
621 1325 653 1366 sc
682 1304 749 1388 ipsi,
772 1303 884 1364 vallum
906 1305 1061 1386 congestis
1083 1308 1237 1370 arboribus
1255 1311 1398 1394 sepirent,

360 1415 400 1456 ne
415 1415 475 1475 qua
490 1394 603 1454 intrare
614 1390 654 1452 sd
665 1390 857 1452 munimenta
872 1390 967 1452 bostis
982 1402 1096 1472 posset.
1125 1393 1217 1463 Quod
1231 1397 1282 1456 ubi
1300 1398 1400 1459 aniru-

362 1481 494 1543 adrertit
514 1477 659 1539 Camillus
677 1477 778 1558 ignem
808 1476 840 1536 in
866 1473 1020 1557 objectam
1042 1499 1149 1560 sepem
1170 1480 1281 1562 conjici
1297 1481 1401 1564 jussit.

360 1577 394 1628 et
408 1567 487 1628 forte
510 1575 574 1625 erat
593 1563 636 1624 vis
662 1583 775 1642 magna
788 1561 871 1622 venti
894 1583 981 1632 versa
1002 1563 1034 1624 iu
1057 1563 1189 1627 hostem.
1212 1568 1315 1650 itaque
1339 1589 1401 1632 non

360 1652 586 1734 aperuitsolum
600 1649 741 1711 incendio
751 1648 841 1726 nam,
867 1648 932 1726 sed,
948 1647 1078 1710 flammis
1098 1651 1130 1712 iu
1146 1665 1247 1714 castra
1270 1655 1400 1717 tenden-

359 1739 452 1816 tibus,
462 1757 574 1822 vapore
594 1733 687 1799 ctiam
707 1755 742 1796 ac
767 1734 852 1795 firmo
877 1735 1054 1817 crepituque
1076 1737 1180 1798 viridis
1196 1741 1329 1802 materiae
1343 1742 1399 1802 fla-

358 1825 486 1906 grantis,
514 1825 559 1886 ita
577 1821 781 1885 consternavit
795 1821 909 1898 hostes,
931 1832 966 1883 ut
985 1823 1083 1883 minor
1106 1825 1204 1885 moles
1225 1829 1398 1908 superanti·

358 1911 414 1972 bus
428 1911 540 1972 vallum
562 1910 593 1970 in
613 1919 715 1970 cestra
732 1906 910 1968 Volscorum
925 1907 1070 1969 Romanis
1084 1907 1185 1987 fucrit,
1200 1931 1291 1992 quam
1307 1925 1392 1974 tran-

358 1996 570 2059 scendentibus
591 2014 693 2078 sepem
718 1993 860 2056 incendio
876 1993 1048 2056 adsumtum
1072 1995 1180 2058 fuerat
1214 1997 1298 2060 l'usis
1320 2000 1393 2062 hos-

359 2083 439 2144 tibus
464 2083 617 2164 cresisque,
647 2101 739 2163 quum
763 2091 866 2142 castra
879 2081 983 2162 inpetu
1006 2081 1135 2163 cepisset
1156 2083 1297 2162 dictator,
1317 2107 1393 2168 prae-

359 2167 431 2230 dsm
448 2169 537 2232 militi
562 2169 658 2246 dedit,
685 2188 745 2248 quo
769 2167 869 2227 minus
892 2179 1057 2250 speratam,
1082 2169 1229 2232 minimc⁸
1253 2171 1396 2252 largitore

360 2255 447 2335 duce,
482 2277 520 2318 co
552 2255 640 2316 militi
678 2254 854 2336 gratiorem.
890 2265 1065 2335 persecutus
1102 2256 1213 2318 deinde
1235 2258 1397 2338 fugientes,

359 2363 451 2424 quum
466 2362 587 2405 omnem
600 2339 744 2402 Volscum
773 2359 880 2424 agrum
908 2339 1111 2424 depopulatus
1140 2355 1232 2420 esset,
1248 2346 1288 2405 ad
1312 2345 1399 2406 dedi-

358 2429 472 2491 tionem
487 2426 615 2490 Volscos
632 2430 656 2466 ¹⁴
667 2426 892 2510 septuagesimo
906 2425 1029 2488 demum
1044 2449 1126 2490 anno
1150 2431 1280 2512 subegit.
1324 2428 1398 2494 Vic-

359 2527 409 2578 tor
423 2537 463 2577 ex
477 2513 594 2576 Volscis
613 2513 644 2574 in
659 2511 777 2594 AEquos
797 2513 927 2589 transiit,
942 2523 975 2574 et
993 2514 1075 2597 ipsos
1090 2515 1203 2582 bellum
1218 2517 1398 2579 molientes:

360 2603 526 2669 exercitum
540 2622 644 2663 eorum
659 2599 700 2661 sd
721 2597 813 2661 Bolus
828 2599 995 2683 obpressit;
1018 2620 1075 2663 nec
1096 2616 1198 2665 castra
1211 2604 1314 2682 modo,
1341 2606 1398 2666 sed

359 2689 464 2750 urbem
476 2690 567 2751 etiarn
584 2688 752 2769 adgressus,
773 2686 878 2767 inpetu
892 2686 990 2768 primo
1004 2689 1092 2769 cepit

403 2764 581 2846 llllQuum
595 2774 626 2834 in
638 2795 674 2835 ea
685 2784 782 2855 parte,
800 2774 832 2834 iu
849 2794 910 2854 qua
923 2785 1015 2857 caput
1029 2774 1070 2835 rei
1084 2772 1231 2837 Romanae
1245 2774 1392 2837 Camillus

358 2873 434 2939 erat,
467 2882 505 2923 ea
536 2861 658 2922 fortuna
680 2871 769 2937 esset,
803 2860 894 2921 aliam
925 2860 957 2920 in
994 2872 1113 2943 partem
1153 2872 1250 2923 terror
1283 2863 1391 2943 ingens

191 2973 315 3025 tunium
358 2948 522 3031 ingnrcrst.
550 2946 672 3009 Etruria
685 2966 779 3029 prope.
799 2946 899 3007 omnis
919 2959 1037 3008 armata
1050 2944 1194 3019 Sutrium,
1217 2949 1315 3009 socios
1334 2968 1393 3031 po·

190 3040 324 3089 ·ruenot.
358 3036 421 3119 puli
432 3035 573 3114 Romani,
589 3034 767 3095 obsidebate
787 3052 915 3113 quorum
939 3033 1044 3113 legati,
1064 3054 1153 3116 opem
1175 3035 1263 3095 rebus
1287 3034 1396 3095 adfec-

190 3121 286 3157 ’Μ’
358 3123 397 3185 tis
420 3134 551 3201 orantes,
574 3140 666 3204 quum
688 3130 827 3181 senatum
849 3119 993 3197 adissent,
1017 3120 1169 3181 decretum
1193 3125 1218 3160 ¹⁸
1229 3120 1336 3199 tulere,
1361 3132 1398 3182 ut

357 3208 490 3271 dictator
526 3210 624 3292 primo
655 3226 774 3288 quoque
810 3218 949 3287 tempore
972 3206 1116 3267 auxilium
1141 3204 1272 3268 Sutrinis
1294 3207 1399 3270 ferret.

358 3294 451 3377 Cujus
466 3297 531 3378 spei
554 3315 672 3357 moram
692 3312 784 3375 quum
814 3292 879 3373 pati
903 3292 1024 3354 fortuna
1047 3294 1236 3360 obsessonrm
1261 3313 1325 3355 uon
1339 3314 1398 3376 po-

203 3450 206 3459 .
296 3454 305 3471 ,
356 3382 473 3459 ruisset,
489 3380 687 3463 coniectaque
707 3379 881 3461 ¹⁸paucitas
895 3378 1128 3460 oppidanorum,
1147 3401 1250 3462 opere,
1275 3380 1397 3461 vigiliis,

355 3466 540 3545 vulneribus,
559 3487 624 3548 quae
650 3486 767 3548 semper
797 3464 921 3526 eosdem
943 3467 1124 3547 urguebunt,
1148 3488 1202 3548 per
1222 3468 1397 3549 pactionem

478 3602 609 3655 ‘Marcum
620 3606 693 3655 Grou.
704 3604 773 3654 ΟΜ.
935 3612 949 3649 Ι
958 3606 1071 3655 minitari.
1082 3625 1097 3655 s
1107 3607 1195 3655 nitria
1204 3606 1269 3655 End.

354 3711 464 3761 rubent
490 3726 516 3759 aa
540 3713 606 3775 Jurru
627 3711 718 3761 Camilli
744 3711 861 3759 dictatoris
926 3710 946 3743 ¹⁴
961 3710 1121 3777 Septugeriu
1139 3715 1227 3761 mam
1246 3712 1314 3777 mo]
1339 3709 1394 3760 Nu·

247 3776 255 3787 ⁸
354 3774 859 3905 ‘⁰21‘”ltt„l:q⁰:lttt'3”·ll;:n.
891 3778 1398 3903 summm

353 3909 449 3969 tribum,
466 3918 492 3956 ut
510 3919 534 3957 at
551 3907 637 3971 aliquot
652 3906 718 3955 codd.
728 3906 800 3955 MSS.
831 3906 860 3954 ln
891 3908 975 3955 rorent
1008 3907 1090 3955 Lirim
1121 3909 1149 3956 ab
1184 3923 1214 3957 eo
1243 3922 1314 3967 anuo,
1348 3924 1397 3970 quo

352 3975 438 4021 uostris
458 3974 564 4035 ambigua
579 3974 689 4085 scriptura
708 3981 753 4027 ert,
769 3980 798 4019 tr.
813 3972 860 4019 nit
881 3970 977 4030 Volsci,
988 3974 1038 4036 Jaru
1055 3982 1110 4020 rute
1123 3972 1279 4035 a-'l'arquluio
1291 3973 1397 4036 Superbo

355 4038 485 4087 Gronovius
517 4038 600 4088 marito
637 4036 748 4099 egendum
775 4046 859 4098 paratz
890 4038 999 4097 bestiti,
1030 4036 1116 4087 ballum
1136 4050 1320 4096 renovaverant,
1347 4038 1396 4100 Ap.

354 4105 439 4151 tribuni
459 4104 555 4153 militurn
576 4104 610 4153 ln'r
630 4104 659 4149 A.
681 4100 790 4159 Manlius
815 4102 861 4149 illie
890 4103 987 4151 Claudii
998 4113 1023 4151 et
1041 4102 1065 4151 l’.
1077 4102 1324 4161 senatuconsulto,
1337 4118 1396 4151 ura.

354 4167 394 4227 qui
414 4170 515 4217 odoenus
535 4168 637 4219 Etruscus
655 4166 807 4228 nutriantur,
829 4162 860 4215 L.
889 4169 946 4217 259.
1034 4222 1038 4227 ⁸

355 4226 581 4296 AEmutmpmpsut
824 4282 829 4291 ,
925 4230 945 4263 ¹⁵
979 4230 1069 4296 Tuan]
1109 4232 1243 4298 abstulere,
1285 4232 1396 4295 impetn·

391 4292 410 4327 ¹³
426 4295 462 4341 Ad
480 4296 603 4363 Μιποίωι]
618 4297 747 4361 Camprnur
765 4306 791 4343 ct
808 4294 860 4343 An·
890 4311 952 4345 rere.
990 4314 995 4323 ’

354 4357 420 4405 dress
438 4360 468 4405 od
485 4360 586 4411 Mullum.
618 4362 706 4413 Verum
727 4364 798 4426 liujus
815 4362 860 4413 loci
924 4358 944 4396 ¹⁶
956 4360 970 4392 ⁸
983 4360 1090 4409 Pascitur
1098 4364 1266 4429 oppidum-ua]
1279 4362 1400 4433 Oppidani

354 4436 439 4501 nomeu
456 4422 560 4485 Quoius
573 4439 598 4475 et
608 4428 658 4477 lac.
669 4428 857 4479 Gronovius-s
889 4426 1088 4494 qupueimnt.

352 4490 652 4549 amnuntiandum.
