3175 5200
587 641 647 744 T.
685 633 1243 779 unumunurm

739 972 956 1049 LIBER
1004 967 1109 1045 VIII.

791 1223 1067 1240 Μ

228 1423 261 1472 υ.
273 1421 370 1475 ΜΗ.
438 1404 528 1469 JAM
555 1405 693 1468 consules
720 1415 808 1466 erant
834 1402 870 1466 C.
894 1401 1028 1464 Plautius
1052 1403 1231 1481 secundum,
1256 1402 1297 1465 L.
1314 1397 1480 1464 AEmilim

228 1487 365 1566 A·⁰·³⁸‚⁸·
397 1491 625 1570 Mamercinus;
650 1512 742 1574 quum
766 1488 865 1554 Setini
885 1488 1081 1572 Norbanique
1107 1487 1251 1567 Romam,
1272 1489 1396 1552 nuncii
1421 1490 1478 1551 de·

229 1553 383 1667 ffihffi
396 1580 537 1642 fectionis
562 1579 793 1657 Privernatium,
821 1597 890 1639 cum
916 1575 1110 1658 querimoniis
1132 1589 1269 1659 acceptae
1291 1577 1408 1639 cladis
1424 1598 1477 1637 re-

229 1682 336 1734 ticem.
397 1677 516 1728 nerunt.
560 1663 741 1727 Volscomm
774 1665 850 1726 item
881 1665 1059 1743 exercitum,
1084 1663 1161 1725 duce
1182 1664 1307 1726 Antiati
1333 1664 1475 1748 populo,

397 1753 570 1816 consedisse
585 1751 624 1813 ad
640 1747 805 1829 Satricum,
825 1751 962 1813 adlatum
977 1762 1035 1812 est.
1049 1760 1216 1832 'utmmque
1229 1751 1355 1813 bellum
1375 1749 1474 1812 Plau-

229 1862 355 1914 Vatren-
397 1840 441 1903 tio
472 1851 553 1902 sorte
580 1838 690 1900 evenit.
718 1837 819 1900 -Prius
848 1838 887 1898 ad
917 1837 1091 1898 Privernum
1117 1838 1273 1919 proiectus
1297 1839 1473 1921 extemplo

229 1943 341 1994 asmata.
387 1926 463 1990 acie
485 1925 634 1988 conflixit.
648 1925 730 1986 haud
752 1945 866 2006 magno
889 1924 1055 1986 certamine
1079 1922 1188 1985 devicti
1212 1925 1344 1987 hostes:
1371 1926 1470 2008 oppi-

398 2014 471 2076 dum
508 2025 632 2096 captum
662 2009 875 2092 redditumque
911 2009 1145 2088 Privernatibus,
1179 2012 1326 2093 praesidio
1357 2012 1469 2073 valido

399 2101 550 2184 inposito:
575 2100 639 2182 agri
670 2099 791 2183 ¹partes
811 2098 878 2159 dua
897 2098 1037 2159 ademtae'.
1056 2095 1158 2158 'Inde
1179 2099 1280 2160 victor
1302 2101 1468 2162 exercitus

401 2185 554 2251 Satricum
593 2196 702 2249 contra
739 2185 879 2247 Antiates
910 2185 1029 2246 ductus.
1081 2181 1126 2244 lbi
1157 2205 1272 2266 magna
1297 2187 1466 2268 utrimque

232 2291 293 2341 cnm
304 2291 364 2341 vot.
401 2275 483 2337 cade
515 2288 611 2338 atrox·
625 2273 765 2357 proelium
790 2271 868 2334 fuit:
900 2281 932 2333 et
954 2291 1047 2351 quum
1070 2280 1235 2354 tempestas
1257 2293 1323 2351 eos,
1348 2287 1464 2335 neutro

233 2358 277 2406 ⁸⁶²⁸
288 2358 357 2406 dubio
400 2361 550 2424 inclinata
564 2383 631 2444 spe,
642 2361 822 2422 dimicantes
837 2358 1019 2436 diremisset,
1034 2355 1177 2435 Romani,
1189 2357 1266 2419 nihil
1289 2381 1330 2421 eo
1354 2373 1462 2422 cerra-

233 2423 312 2536 ffi
331 2438 387 2488 Μ’
402 2450 484 2510 mine
507 2461 571 2511 tam
593 2447 737 2528 ambiguo
757 2446 841 2524 fessi,
862 2446 893 2505 in
909 2456 1063 2528 postemm
1079 2443 1160 2505 diem
1175 2445 1317 2526 proelium
1333 2461 1461 2529 parant.

316 2523 322 2537 ⁹
400 2532 531 2612 Volscis,
556 2535 780 2596 recensentibus
802 2553 877 2615 quos
897 2532 979 2593 viros
999 2531 1029 2592 in
1056 2531 1120 2591 acie
1146 2531 1328 2612 amisissent,
1355 2533 1458 2595 baud-

401 2640 552 2702 quaquam
576 2621 658 2682 idem
686 2621 804 2681 animus
829 2620 868 2681 ad
893 2619 1064 2680 iterandum
1087 2619 1255 2699 periculum
1277 2621 1342 2682 fuit.
1357 2634 1457 2683 nocte

401 2728 457 2790 pro
480 2705 567 2767 victis
590 2706 716 2767 Antium
734 2706 857 2786 agmine
872 2706 1004 2788 trepido,
1028 2706 1137 2767 sauciis
1161 2728 1199 2767 ac
1221 2722 1304 2789 parte
1322 2708 1455 2788 inpedi-

400 2796 572 2855 mentorum
597 2792 713 2870 relicta‚
736 2792 885 2853 abierunt.
929 2792 1092 2854 Amsorum
1116 2812 1228 2874 magna
1247 2794 1286 2853 ris
1309 2803 1374 2853 tum
1391 2794 1447 2854 in·
1548 2815 1549 2824 ¹

400 2890 447 2942 ter
461 2899 539 2941 casa
554 2900 682 2961 corpora
694 2878 842 2956 bostium,
867 2890 933 2941 tum
958 2879 989 2939 in
1014 2880 1120 2941 castris
1139 2880 1259 2941 inventa
1270 2892 1325 2940 est.
1367 2876 1453 2941 ‘lta

234 2968 283 3019 Lus
293 2978 377 3017 macer.
401 2967 411 3000 ‘
426 2964 520 3028 'Ilua
535 2966 624 3028 matri
639 2967 712 3027 dare
727 2964 781 3044 se,'
802 2966 907 3027 consul
929 2964 1028 3028 dixit:
1052 2965 1187 3047 finesque
1207 2966 1334 3027 bostium
1347 2986 1453 3047 usque

401 3054 545 3116 adoram
565 3054 750 3115 maritimam
777 3063 825 3114 est
845 3052 1055 3135 depopulatus.
1099 3051 1197 3114 Alteri
1217 3052 1333 3115 consuli
1347 3050 1454 3114 6.ἰωί-

401 3142 454 3221 lio,
469 3142 605 3222 ingresso
631 3138 809 3202 ³Sabellum
834 3160 951 3221 agrum,
976 3160 1039 3201 non
1059 3150 1158 3201 castra
1179 3138 1375 3219 Samnitium,
1389 3161 1454 3201 non

401 3228 537 3311 legiones
560 3248 687 3310 usquam
719 3226 876 3309 obposita.
909 3226 989 3288 ferro
1021 3226 1145 3308 ignique
1166 3240 1339 3289 vastantem
1362 3248 1453 3309 agros

235 3340 349 3388 Samnite·
402 3315 495 3397 legati
512 3312 696 3377 Samnitium
712 3334 819 3396 pacem
836 3325 957 3376 orantes
971 3312 1095 3393 adeunt,
1108 3333 1196 3395 aquo
1211 3312 1319 3395 rejecti
1341 3314 1383 3375 ad
1401 3334 1453 3375 se-

233 3405 319 3467 legato·
335 3404 389 3453 mit·
402 3412 518 3479 natum,
534 3411 687 3483 potestate
703 3400 785 3463 lacta
801 3399 934 3477 dicendi,
959 3399 1067 3482 positis
1088 3400 1238 3461 ferocibus
1252 3401 1374 3478 animis,
1395 3422 1452 3483 pa-

232 3468 346 3518 suntne
402 3506 468 3547 cem
484 3486 540 3546 sibi
557 3486 595 3546 ab
610 3485 768 3565 Romanis,
783 3486 913 3568 bellique
935 3484 985 3567 jus
1008 3486 1149 3547 adversus
1171 3484 1327 3549 Sidicinos
1353 3489 1452 3570 petic-

234 3550 305 3588 mam.
401 3583 482 3637 nuit.
496 3573 507 3606 ‘
522 3592 587 3653 quae
601 3594 634 3635 se
648 3592 686 3634 eo
693 3571 806 3655 justiis
821 3585 935 3656 petere,
951 3574 1056 3655 ⁴quod
1066 3583 1117 3635 et·
1131 3574 1164 3635 in
1173 3574 1342 3637 amicitiam
1353 3596 1451 3658 popu·

835 3729 847 3756 ⁸
865 3721 943 3771 etdel.
955 3720 1029 3771 Grau.

438 3860 636 3925 sternam]
661 3861 723 3909 Duae
740 3864 817 3913 tertie
831 3873 916 3925 partes,
944 3862 1036 3926 talpas.
1075 3861 1258 3913 DeLusmatre
1269 3864 1455 3917 mentioiteran

402 3927 570 3981 menterduo.
602 3927 688 3985 Wrd.
706 3936 756 3975 not.
776 3930 816 3977 el.
836 3931 864 3976 sd
883 3940 913 3977 n.
944 3928 1362 3991 occumtapudnoammxrv.33.

407 3998 445 4045 13.
455 4008 530 4058 supra.
976 3994 989 4027 ³
1015 3992 1125 4042 &bellurn
1159 3992 1252 4059 opum]
1299 3996 1454 4049 &monicum

436 4058 523 4107 'Iac
545 4058 623 4121 marn]
654 4058 711 4107 Eam
728 4056 863 4107 'Turnebus
888 4068 913 4105 et
944 4073 1031 4119 agrum.
1071 4058 1193 4119 Samnites,
1216 4060 1261 4107 abo
1288 4062 1386 4110 nomine
1413 4066 1455 4115 s..

405 4136 456 4188 post
477 4140 531 4173 sum
556 4124 666 4186 Dujarius
692 4125 787 4172 crodunt
810 4123 913 4170 habitam
943 4124 1088 4171 belbrdicros
1107 4140 1156 4173 csse
1174 4126 1240 4173 testis
1256 4138 1292 4174 est
1308 4127 1371 4175 Plio.
1383 4128 1400 4175 Ι.
1410 4143 1454 4181 ιιι.

406 4204 454 4237 erse
467 4204 561 4237 uxorem
576 4189 719 4247 Satarchen
732 4188 762 4236 A.
775 4188 837 4235 Gell.
850 4200 912 4238 xtn.
943 4204 965 4235 c.
980 4190 1175 4255 12.qnianempc
1196 4208 1211 4238 o
1226 4188 1312 4239 Sanam
1326 4195 1458 4255 artimus,

406 4256 445 4300 at.
462 4254 501 4300 obi
517 4256 585 4315 vulgo
601 4256 684 4315 legitur
702 4252 794 4302 Lucium
810 4253 913 4310 saniem,
945 4264 971 4300 ut
984 4266 1099 4303 memorat
1110 4255 1224 4305 Varrode
1235 4254 1302 4317 Ling.
1318 4255 1373 4307 Lat.
1386 4260 1404 4309 1.
1418 4272 1455 4311 ει.

406 4328 511 4380 conspr·
532 4328 573 4381 pro
597 4315 676 4367 Luras.
710 4312 761 4366 Lea
782 4326 852 4365 narn
871 4317 914 4377 igi·
945 4330 967 4368 c.
980 4318 1003 4366 3.

404 4390 445 4427 aar
471 4382 550 4429 udam
575 4392 618 4440 sn,
642 4394 694 4447 qua
720 4380 803 4447 rapiar
825 4381 869 4445 ops
889 4388 914 4429 et
977 4380 989 4414 ⁴
1012 4376 1077 4437 Quod
1098 4390 1120 4432 et
1139 4384 1165 4431 tn
1185 4378 1316 4447 mintho]
1342 4379 1460 4438 emina

405 4440 470 4495 Mra
488 4444 628 4507 nominatur,
641 4458 664 4498 et
680 4456 773 4511 putrem
788 4444 914 4522 coexist-
945 4450 1051 4498 demut
1068 4446 1092 4498 la
1110 4446 1196 4513 sliquos
1205 4444 1305 4517 trrlpslr,
1321 4458 1385 4505 teste
1396 4450 1459 4505 Gro-
