3175 5200
381 328 442 387 2⁹⁴
805 322 890 383 Tm
906 323 1010 383 LIVll

241 524 248 543 .
298 494 356 543 stu.
383 476 394 509 ‘
409 480 522 545 deirae
536 482 667 545 dubitari
682 494 798 547 sermm
812 485 922 547 babeo.
936 496 970 549 et
978 505 1072 568 quum
1085 487 1182 568 letor,
1199 490 1328 553 tandem
1343 491 1427 573 longi

237 592 245 607 ·
279 592 287 611 ·
346 592 354 613 ·
384 562 396 597 ‘
409 570 519 631 erroris
533 570 618 633 vobis
628 571 719 633 finem
736 571 852 633 laetum
867 592 945 650 esse,
959 586 1037 650 tum,
1051 575 1134 654 quod
1148 576 1293 639 secundia
1303 578 1427 659 potissi-

383 650 394 683 ‘
408 676 493 719 mum
505 656 613 721 vestris
623 657 712 719 rebus
722 657 774 721 bio
788 679 872 721 error
885 670 934 722 est
946 660 1093 739 sublatus,
1101 674 1134 724 et
1143 664 1241 741 vobis,
1255 675 1289 725 et
1301 680 1428 746 propter

382 737 463 807 ‘ros
488 742 661 826 reipublice
682 744 828 825 gratulor.
871 746 921 809 Au
945 758 995 808 eat
1023 748 1195 828 quisquam,
1217 751 1271 830 qui
1297 750 1427 829 dubitet,

381 825 497 943 :nullis
512 828 629 912 injuriis
642 831 760 909 restris,
783 831 810 893 si
833 851 900 913 que
917 832 997 894 forte
1015 832 1182 914 aliquando
1201 835 1334 912 fuerunt,
1355 857 1424 899 um·

277 954 289 975 ·
380 917 1426 1087 ”mmmm

379 1085 388 1117 ‘
404 1090 516 1153 citatos
529 1085 616 1153 esriel
640 1090 714 1172 quid
732 1091 801 1155 illos
816 1092 899 1154 uliud
910 1104 965 1154 aut
976 1102 1043 1155 tum
1054 1092 1212 1154 timuisse(l
1225 1094 1356 1171 creditis,
1365 1106 1423 1157 aut

379 1172 389 1203 ‘
404 1176 498 1240 hodie
508 1178 630 1239 turbare
640 1177 727 1254 velle,
740 1178 807 1239 nisi
828 1178 1025 1239 concordiam
1038 1178 1192 1257 ordinum,
1208 1202 1297 1261 quam
1310 1181 1421 1243 dissol-

378 1258 509 1327 ‘vendre
526 1264 661 1327 maxime
679 1264 849 1327 tribuniciae
868 1265 1030 1345 potestatis
1045 1277 1150 1327 rentur
1161 1266 1249 1328 easel
1272 1264 1334 1343 Sic,
1347 1268 1420 1329 her-

378 1344 483 1429 ‘cule,
514 1362 670 1431 tamquam
699 1350 831 1413 artifices
859 1350 992 1433 inprobi,
1022 1371 1099 1431 opus
1124 1364 1281 1431 querunt:
1308 1354 1360 1433 qui
1389 1365 1423 1415 et

378 1431 522 1520 ‘semper
547 1438 618 1519 agri
639 1436 754 1517 aliquid
777 1455 844 1497 eme
869 1435 903 1496 in
931 1435 1088 1517 republica
1115 1437 1231 1516 volunt,
1254 1451 1290 1501 ut
1308 1440 1361 1515 sit,
1381 1440 1422 1501 ad

377 1518 487 1606 ‘eujus
503 1524 692 1587 curationem
703 1543 722 1581 a
735 1520 822 1583 vobis
836 1518 1050 1583 adhibeantur.
1093 1520 1208 1586 Utrum
1217 1525 1301 1586 enim
1315 1525 1421 1589 delen-

377 1608 388 1639 ‘
403 1610 487 1688 ditis,
507 1630 546 1673 an
567 1607 742 1688 inpugnatis
758 1605 906 1688 plebem?
928 1618 1032 1669 utrum
1049 1607 1246 1672 militantium
1258 1611 1421 1673 adversarii

376 1693 388 1726 ⁴
400 1697 484 1772 estis,
499 1714 539 1755 un
554 1710 692 1755 oaussam
709 1692 824 1775 agitis?
847 1690 916 1755 Nisi
941 1693 1022 1757 forte
1045 1694 1103 1755 hoe
1127 1696 1238 1774 diciu's,
1261 1696 1420 1779 Quidquid

376 1780 387 1813 ‘
403 1780 507 1843 Patres
522 1779 651 1857 faciunt,
677 1778 840 1859 displicet3
862 1779 926 1841 aire
939 1780 1015 1843 illud
1036 1802 1091 1862 pro
1113 1781 1213 1863 plebe,
1233 1782 1295 1843 sire
1308 1794 1418 1845 ooutra

376 1866 523 1950 ‘plebem
538 1876 594 1929 est
638 1864 690 1945 Et,
714 1866 973 1947 quemadmodum
990 1868 1082 1929 servis
1102 1868 1164 1929 suis
1179 1880 1285 1931 vetant
1298 1869 1416 1930 domini

376 1951 568 2037 ‘quidquam
588 1952 631 2015 rei
651 1972 723 2020 curu
741 1953 849 2015 alienis
863 1954 1037 2015 bominibus
1058 1974 1134 2032 ease,
1147 1956 1317 2036 pariterque
1329 1956 1361 2016 iu
1376 1956 1416 2016 iis

292 2109 299 2121 ,
376 2038 549 2109 ‘beneficio
565 2060 601 2101 ac
613 2036 764 2103 maleficio
779 2040 924 2101 abstineri
939 2060 1058 2121 aequum
1073 2053 1219 2103 conuenta
1241 2042 1286 2103 aie
1299 2062 1352 2103 voa
1366 2042 1416 2103 in·

377 2127 552 2191 ‘terdicitis
577 2125 715 2189 Patribus
736 2126 920 2189 courmercio
944 2127 1062 2209 plebia3
1086 2149 1125 2189 ne
1143 2148 1199 2189 nos
1223 2128 1366 2189 comitata
1381 2148 1418 2187 ae

375 2212 609 2281 ‘munificentia
631 2226 736 2277 nostra
757 2234 955 2297 provocemus
978 2214 1113 2296 plebem,
1137 2236 1195 2276 nee
1217 2214 1319 2297 plebs⁰
1333 2214 1421 2275 nobis

376 2300 387 2335 ‘
402 2301 486 2365 dieto
501 2301 626 2365 audiens
641 2313 733 2383 atque
747 2300 894 2363 obediens
908 2301 958 2362 ait.
1001 2301 1127 2370 Quanto
1140 2301 1278 2378 tandem,
1292 2301 1317 2361 si
1332 2290 1420 2381 quid-

344 2382 347 2395 ’
376 2387 493 2469 ‘quam
516 2389 549 2449 in
572 2387 668 2466 vobis,
691 2407 753 2449 non
778 2387 849 2450 dico
867 2387 975 2465 civilia,
998 2387 1052 2449 sed
1067 2388 1194 2450 humani
1207 2399 1299 2465 esset,
1321 2386 1421 2448 lavere

375 2474 454 2536 ‘voa
483 2475 593 2555 magia,
622 2484 664 2551 et,
687 2474 888 2557 quantumin
909 2474 995 2536 vobis
1023 2486 1115 2552 esset,
1141 2474 1297 2555 indulgere
1319 2474 1421 2555 potius

375 2559 540 2622 ‘comitati
564 2557 689 2624 Petrum
714 2572 805 2642 atque
825 2561 972 2643 obsequio
997 2561 1096 2643 plebis
1124 2560 1281 2645 oportuit?
1304 2581 1370 2642 qua
1393 2559 1420 2621 si

375 2647 387 2768 ἶ
401 2657 548 2729 perpetuu
561 2647 726 2709 concordie
742 2649 794 2726 sit,
817 2649 883 2729 quis
902 2669 964 2710 non
984 2648 1132 2732 spondere
1146 2649 1236 2726 amit,
1250 2648 1420 2708 maximum

353 2837 357 2862 ·
399 2733 886 2902 ltlltlllglfftllllt
898 2734 1252 2902 ltlll‘l'tletll„
1266 2839 1420 2899 mmmm,

375 2905 463 2986 ‘quo
478 2906 628 2969 abducere
647 2907 762 2970 infecta
780 2927 814 2970 re
833 2929 853 2970 a
865 2905 951 2970 Veiis
974 2909 1147 2977 exereitum,
1162 2907 1334 2984 noluenmt,
1352 2925 1420 2967 non

375 2991 386 3026 ‘
400 2993 474 3054 utile
490 2993 599 3072 solum,
611 2994 665 3055 sed
680 2995 773 3056 etiam
789 2996 992 3056 necessarium
1007 2995 1108 3072 luerit,
1121 3007 1227 3076 postea
1240 2992 1418 3055 duretamf:

375 3079 482 3143 ‘nunc
506 3080 545 3142 de
570 3079 637 3164 ipss
657 3081 834 3144 conditione
859 3082 960 3143 dicere
979 3082 1176 3144 militantium
1191 3081 1275 3142 libet.
1317 3079 1420 3150 Quam

374 3165 582 3246 ‘orationem
604 3187 666 3230 non
692 3169 775 3250 apud
796 3189 851 3230 vos
871 3167 980 3246 solum,
1004 3169 1058 3231 sed
1084 3169 1179 3230 etiam
1203 3167 1235 3227 in
1256 3165 1376 3244 eastris,
1394 3165 1420 3226 sl

374 3253 558 3334 ‘bobeabm
581 3255 650 3336 ipso
668 3255 806 3317 exercitu
821 3256 1022 3337 disceptante,
1042 3275 1159 3336 mquam
1181 3253 1310 3316 arbitror
1323 3251 1419 3314 videri

374 3339 500 3421 ‘posse
519 3341 552 3402 in
566 3360 626 3423 qua
644 3342 670 3403 si
693 3342 769 3404 mihi
788 3342 847 3424 ipsi
862 3343 951 3421 nihil,
971 3341 1054 3422 quod
1065 3342 1210 3418 dicerem,
1233 3339 1266 3401 in
1284 3349 1419 3400 mentem

374 3425 502 3487 ‘venire
525 3437 639 3508 posset,
666 3428 903 3491 adversariorum
931 3440 1014 3490 uerte
1044 3427 1234 3489 orationibus
1258 3435 1418 3487 contentus

375 3509 509 3571 ‘essem
551 3509 717 3592 Negabant
739 3535 845 3598 nuper,
862 3515 975 3576 danda
997 3534 1062 3576 esse
1086 3533 1146 3574 ana
1169 3511 1324 3588 militibus,
1347 3510 1418 3591 quia

375 3595 385 3629 ‘
400 3613 566 3676 numquam
580 3598 656 3659 data
668 3613 780 3662 essent.
795 3604 948 3682 ⁸quonam
962 3600 1056 3661 modo
1066 3599 1160 3681 igitur
1169 3619 1250 3661 nune
1266 3596 1416 3678 indignari

373 3682 1419 3854 1reru,llll,elltrttttttruuulsl:t

374 3857 494 3954 ‘opera
518 3857 584 3919 sine
603 3858 819 3936 emolumento,
842 3878 899 3920 nec
919 3859 1158 3921 emolumentum
1180 3858 1276 3920 ferme
1289 3858 1355 3918 aine
1368 3856 1419 3918 in-

471 3955 987 4012 ‘wammaumruamsveim
1050 3954 1323 4020 rupturam.

751 4019 1042 4076 ‘memorem
1126 4061 1130 4073 .

407 4103 536 4159 ‘Quom
558 4105 620 4154 nm
639 4101 724 4170 quur]
753 4101 882 4155 commu
910 4107 1038 4156 utentis
1056 4104 1198 4153 maimaitun
1217 4104 1272 4152 mu.
1308 4102 1344 4149 At
1364 4100 1419 4149 hee

375 4167 463 4232 Appius
474 4186 503 4218 ex
519 4171 572 4234 ipsit
587 4171 731 4219 tribunorum
742 4169 880 4219 orationibus
912 4173 958 4235 ipra
969 4171 1003 4220 rei
1013 4170 1101 4220 novitas
1111 4167 1168 4218 mibi
1186 4168 1259 4227 favet,
1276 4178 1300 4218 et
1317 4165 1369 4230 ipsis
1389 4163 1418 4212 in

377 4231 400 4280 ld
422 4231 465 4280 rlbl
485 4235 582 4296 ruggeri,
602 4237 662 4300 quod
683 4236 714 4284 alt
733 4235 831 4297 alicujus
852 4237 880 4284 ad
911 4237 1019 4300 prmeml
1042 4251 1109 4286 causa
1131 4236 1268 4283 adversatur.
1306 4233 1332 4281 si
1353 4230 1420 4279 euim

323 4347 328 4362 ,
374 4297 484 4347 tuendam
496 4313 658 4350 mummium
669 4299 789 4353 momenti.
814 4301 879 4366 Ideo,
911 4303 965 4350 uori
985 4303 1072 4365 aliquid
1088 4300 1204 4365 adjectum
1221 4298 1337 4348 commodi
1354 4296 1420 4344 mili-

375 4363 461 4428 inquit,
485 4365 596 4424 nmrbrnt
616 4368 702 4417 tribuni
730 4368 803 4418 dnus
829 4383 879 4420 ne
910 4368 975 4418 tibur
993 4379 1040 4428 eet,
1060 4367 1173 4431 quomodo
1192 4365 1303 4427 indignari
1323 4373 1422 4426 pomum

376 4445 421 4479 ΕΠ
447 4427 566 4488 mffifiblsss
602 4434 654 4495 quia
682 4449 801 4499 umquem
829 4435 882 4484 data
912 4431 1000 4482 tribuni
1021 4432 1108 4500 aliquid
1126 4431 1244 4484 etiumi'u
1265 4429 1320 4479 aovi
1335 4427 1423 4477 laboris

375 4493 642 4554 antummum
666 4499 701 4551 ru
726 4511 778 4553 rm
802 4501 880 4561 mel·
912 4498 1041 4552 muare?
