3175 5200
371 376 428 441 rsa
788 365 874 430 'Mi
894 364 995 428 alvu
1076 380 1081 390 ·

201 538 338 594 u.c.-2u1.
367 525 423 594 nio
445 526 476 589 in
499 524 676 610 quibusdam
699 520 881 597 annalibus*
902 519 1057 583 consulem
1071 518 1202 584 invectio.
1246 518 1318 587 Hoc
1331 539 1416 589 anuo

202 602 339 686 329·⁴⁷¹·
371 613 588 697 (quoscumque
617 608 754 673 consules
783 606 902 687 habuit)
935 608 976 672 rei
1005 606 1046 669 ad
1070 606 1215 691 populum
1248 606 1356 673 Furius
1382 622 1415 675 et

202 672 344 786 ffiuffid
368 698 502 765 Manlius
517 701 706 762 circumeunt
727 694 874 757 sordidati
897 714 958 757 non
994 695 1092 757 lebcm
1114 695 1225 777 magis,
1247 717 1339 779 quam
1360 696 1413 780 ju-

201 802 310 866 popuum
368 789 466 854 niores
481 786 614 853 Petrum.
629 783 767 859 suadent,
789 792 925 860 monent,
948 781 958 813 ‘
1000 781 1142 843 oneribus
1165 793 1198 844 et
1219 782 1413 847 administra·

202 884 236 916 tet

348 908 352 917 ι
368 875 379 907 ‘
395 876 477 935 tione
492 871 662 954 reipublicae
674 869 865 944 abstineant;
889 868 1060 930 consulares
1077 889 1147 939 vero
1163 867 1270 949 fasces,
1282 881 1412 954 pretex-

246 1006 248 1013 ,
369 960 469 1037 ‘tem,
485 958 678 1037 curulemque
693 955 810 1033 sellam,
824 955 899 1017 nihil
916 954 1009 1031 aliud,
1023 975 1114 1036 quam
1128 976 1274 1039 pompam
1288 956 1415 1037 funeris,
1436 971 1438 978 '

250 1074 255 1086 ·
370 1047 380 1078 ‘
394 1054 511 1130 putent.
523 1044 612 1107 claris
621 1042 788 1123 insignibus
801 1041 901 1103 ⁶uelut
909 1039 1010 1102 infulis
1020 1042 1137 1103 velatos
1149 1042 1190 1104 ad
1200 1053 1330 1105 mortem
1342 1043 1413 1105 des·

370 1132 379 1163 ‘
395 1130 495 1193 tinari.
518 1130 608 1201 Quod
622 1130 648 1191 si
663 1128 836 1191 consulatus
851 1138 939 1192 tanta
953 1126 1082 1198 dulcedo·
1092 1127 1144 1206 sit,
1156 1126 1221 1209 jam
1231 1150 1312 1193 nunc
1324 1130 1369 1192 ita
1379 1130 1415 1193 iu

369 1219 379 1250 ‘
394 1218 529 1287 animum
540 1216 696 1294 inducant,
705 1215 895 1277 consulatum
905 1225 1029 1294 captum
1039 1223 1071 1273 et
1079 1214 1254 1295 obpressum
1265 1216 1305 1277 ab
1313 1215 1413 1279 tribu-

369 1303 379 1335 ‘
394 1300 475 1369 nicia
481 1314 633 1385 potestate
641 1322 722 1379 esse3
735 1300 862 1378 consuli,
869 1299 951 1361 velut
960 1298 1126 1380 adparitori
1132 1300 1305 1380 tribunicio,
1310 1302 1424 1365 omnia'

369 1390 379 1421 ‘
394 1390 433 1455 ad
445 1400 552 1453 nutum
564 1388 781 1469 imperiumque
790 1386 902 1450 tribuni
913 1384 1034 1467 agenda
1043 1399 1120 1447 esser
1150 1383 1184 1448 Si
1195 1408 1228 1447 se
1238 1402 1413 1449 commove·

370 1476 380 1508 ‘
395 1476 443 1553 rit,
454 1476 478 1535 si
491 1473 657 1555 respexerit
665 1471 779 1549 Patres,
789 1472 815 1533 si
826 1472 919 1547 aliud,
931 1485 1023 1551 quam
1035 1470 1168 1553 plebem,
1178 1491 1244 1535 esse
1260 1471 1294 1534 iu
1304 1473 1415 1554 repub·

370 1561 380 1593 ‘
395 1561 454 1623 lica
463 1556 636 1635 crediderit,
658 1548 795 1619 exsilium
808 1554 843 1617 C.
856 1554 979 1632 Marcii,
996 1554 1134 1619 Meneuii
1145 1556 1371 1621 damnationem
1382 1570 1416 1623 et

369 1645 380 1678 ‘
395 1658 536 1723 mortem,
548 1645 604 1705 sibi
616 1654 767 1726 proponat
779 1652 851 1703 aute
862 1638 988 1717 oculos?
1021 1639 1079 1703 llis
1090 1645 1212 1705 accemi
1223 1644 1346 1707 vocibus
1355 1643 1414 1706 Pa-

369 1731 565 1800 trceconsilia
575 1729 656 1808 inde,
671 1742 734 1791 non
748 1728 882 1810 publica,
895 1726 949 1789 sed
961 1728 992 1788 in
1008 1728 1156 1809 privato⁸,
1172 1730 1379 1811 ‘seductaque
1394 1752 1414 1793 a

205 1861 215 1880 .
369 1816 709 1900 plurinmconscientia,
736 1816 879 1877 habuere·
901 1814 953 1875 ubi
968 1834 1062 1895 quum
1085 1814 1117 1877 id
1138 1815 1231 1878 modo
1247 1828 1412 1895 constaret,

204 1928 320 1979 munna
364 1902 433 1985 jure
463 1925 502 1967 an
534 1901 644 1984 injuria
672 1902 841 1985 eripiendos
870 1920 936 1963 esse
967 1920 1045 1978 reos,
1070 1901 1259 1963 atrocissima
1287 1922 1413 1983 quaque

204 1995 297 2043 means.
369 1992 502 2055 maxime
517 1989 659 2072 placebat
673 1988 834 2051 sententia.
857 2008 915 2073 nec
930 1999 1037 2049 auctor
1048 1988 1184 2069 quamvis
1204 1988 1312 2051 audaci
1333 1988 1411 2050 lacl-

369 2077 436 2143 uoti
452 2077 568 2139 deerat.
613 2072 707 2157 Igitur
728 2073 836 2157 judicii
860 2074 921 2152 die,
947 2094 1040 2155 quum
1065 2069 1149 2155 plebs
1170 2075 1203 2135 in
1222 2074 1290 2137 foro
1311 2086 1414 2137 erecta

370 2162 599 2247 exspectatione
627 2174 733 2239 staret,
759 2160 861 2227 mitari
883 2159 994 2242 primo,
1020 2159 1102 2241 quod
1127 2171 1189 2223 nou
1214 2160 1413 2223 desponderet

369 2236 527 2311 munais:
551 2248 672 2327 deinde,
688 2268 781 2330 quum
799 2246 865 2329 jam
887 2266 973 2309 mora
991 2246 1159 2328 suspectior
1173 2245 1272 2325 lieret,
1287 2246 1413 2309 deterri·
1446 2276 1450 2280 ’

370 2347 435 2411 mm
450 2356 469 2397 a
484 2334 666 2418 primoribus
681 2334 815 2412 credere,
836 2345 869 2395 et
890 2334 1042 2397 desertam
1057 2355 1093 2395 ac
1108 2333 1261 2416 proditam
1276 2344 1415 2397 caussam

370 2421 523 2503 publicam
549 2421 670 2506 queri·
697 2420 849 2498 Tandem,
870 2420 922 2501 qui
950 2420 1101 2483 obversati
1124 2420 1274 2483 vestibulo
1304 2418 1416 2483 mbmi

371 2506 501 2585 fuerant,
526 2508 672 2569 nunciant
699 2505 782 2568 domi
807 2516 960 2567 mortuum
985 2526 1052 2567 esse
1073 2506 1240 2572 inventum.
1256 2506 1338 2588 quod
1362 2506 1415 2567 ubi

370 2592 401 2654 in
426 2603 523 2656 totam
555 2593 734 2656 concionem
759 2590 884 2674 pertulit
909 2613 1032 2669 rumor3
1063 2591 1144 2656 sicut
1173 2593 1253 2657 acies
1280 2591 1417 2659 funditur

370 2679 446 2743 duce
462 2679 576 2756 occiso,
598 2679 643 2740 ita
667 2677 783 2761 dilapsi.
801 2678 916 2760 passim
939 2677 991 2739 alii
1013 2678 1084 2740 alio.
1128 2677 1299 2760 Praecipuus
1322 2700 1416 2762 pavor

329 2769 335 2780 '
370 2765 506 2828 tribunos
530 2765 704 2843 invaserat·
720 2784 813 2846 quam
835 2763 911 2825 niliil
935 2762 1039 2827 auxilii
1063 2773 1189 2826 'sacrata
1212 2764 1294 2844 leges
1319 2765 1416 2828 habe·

369 2863 447 2929 rent,
472 2863 570 2916 morte
595 2850 720 2933 collega
740 2847 884 2912 monitos
938 2848 1005 2912 Nec
1025 2847 1130 2912 Patres
1154 2850 1228 2912 satis
1254 2851 1417 2914 moderate

369 2937 446 3000 ferre
461 2937 609 3004 letitiam.
629 2937 764 3019 adeoque
776 2936 932 3000 neminem
949 2956 1036 2998 uoxae
1057 2936 1236 3018 poenitebat,
1259 2947 1295 2998 ut
1319 2937 1415 2999 etiam

371 3024 510 3086 insonter
527 3023 634 3089 iecisse
648 3023 743 3086 videri
766 3022 889 3101 uellent,
914 3023 1076 3105 palamque
1096 3022 1225 3085 ferretur
1249 3022 1332 3084 malo
1357 3023 1415 3084 do·

370 3111 514 3174 mandam
530 3110 723 3174 tribuniciam
737 3120 934 3194 potestatem.
1412 3145 1416 3152 -

412 3195 479 3262 LV.
500 3192 589 3261 ⁷Sub
603 3197 661 3260 hac
676 3197 800 3280 pessimi
814 3197 946 3278 exempli
966 3195 1095 3258 victoria
1117 3195 1253 3258 delectus
1266 3195 1416 3260 edicitur}

204 3310 339 3362 Duarum.
370 3286 607 3368 paventibusque
630 3283 769 3361 tribunis,
791 3282 856 3346 sine
874 3282 1092 3344 intercessione
1112 3281 1175 3343 ulla
1196 3283 1335 3344 consules
1351 3302 1416 3346 rem

370 3382 527 3453 peragunt.
569 3369 734 3434 Tumvero
745 3369 834 3442 irasci
848 3369 967 3452 plebes,
977 3369 1167 3432 tribunorum
1175 3369 1274 3452 magis
1285 3370 1419 3448 silentio,

372 3471 462 3536 quam
478 3457 636 3520 consulum
650 3457 789 3538 imperio,
804 3467 838 3518 et
853 3456 964 3532 dicere,
979 3454 1113 3518 ‘Actum
1134 3475 1201 3516 ease
1218 3455 1258 3518 de
1276 3455 1417 3517 libertate¹

355 3540 382 3572 ·‘
397 3561 470 3617 sua;
487 3562 586 3604 rursus
602 3542 641 3602 ad
651 3544 776 3623 antiqua
790 3543 923 3606 reditum
931 3564 941 3618 ς
957 3559 1027 3604 cum
1038 3539 1178 3604 Genucio
1192 3561 1254 3603 una
1264 3553 1416 3604 mortuam

372 3627 434 3689 ‘ac
465 3625 615 3708 sepultam
649 3627 842 3693 tribuniciam
868 3640 1065 3712 potestatem.
1092 3626 1175 3690 aliud
1198 3627 1348 3709 agendum
1379 3647 1415 3689 ac

372 3714 383 3746 ‘
397 3714 606 3796 cogitandum,
621 3716 774 3796 quomodo
790 3715 948 3777 resistatur
962 3714 1111 3779 Patribus.
1155 3711 1192 3775 ld
1207 3724 1309 3776 autem
1320 3734 1415 3776 unum

372 3801 383 3838 ‘
397 3797 642 3880 omisiliumesse,
652 3813 687 3864 ut
698 3823 729 3864 se
741 3801 807 3882 ipsa
818 3802 915 3883 plebs,
927 3802 1050 3883 quando
1062 3801 1143 3863 aliud
1154 3799 1230 3862 nihil
1243 3800 1348 3862 auxilii
1357 3799 1418 3862 ha-.

371 3889 382 3922 ‘
396 3889 478 3969 beat,
489 3888 643 3951 defendat.
680 3887 817 3958 Quatuor
830 3895 861 3950 et
870 3888 979 3969 viginti
990 3886 1114 3951 lictores
1126 3887 1291 3968 ⁸adparer'e
1305 3893 1417 3949 consu'-
1511 3941 1518 3950 .

401 4021 581 4085 'iaqniburdnm
597 4037 638 4082 pro
651 4017 758 4084 -Vsrginio
773 4021 889 4070 matta
899 4020 972 4072 Gran.
984 4005 1053 4072 Cres.
1126 4006 1190 4069 ‘non
1206 4021 1231 4068 ia
1244 4016 1332 4083 publico
1346 4006 1420 4087 reliq

261 4143 264 4150 Ι
366 4085 452 4144 prinae
465 4086 614 4136 MS.Veitb.
876 4091 880 4095 ’
1241 4133 1244 4137 ,
1417 4147 1421 4155 .

402 4182 601 4252 ‘VeluttqfflbJ
626 4187 723 4250 Elegiae
751 4186 877 4236 similitudo
940 4186 1251 4251 'Sabbura-vietam
1283 4182 1420 4234 Poetlfflt

371 4245 438 4294 duaa
459 4251 597 4309 arietinis,
614 4267 666 4316 spise
682 4253 761 4302 tamus
777 4251 876 4302 aevum
907 4252 1034 4302 victoriam.
1065 4253 1243 4303 meatur.
1260 4261 1283 4300 c.
1301 4253 1339 4299 lt.
1372 4247 1419 4297 sat

369 4309 717 4444 bratteam
732 4385 876 4448 maer,
906 4315 1334 4445 timiamate
1344 4315 1363 4366 ¹·
1375 4325 1421 4367 ''¹''

368 4439 475 4497 Qucum
491 4441 576 4496 aalma
596 4448 698 4502 comio.
717 4463 769 4504 sm
787 4449 883 4515 muria
937 4444 1075 4510 ΗΜ
1085 4446 1221 4510 ΜΒΝ]
1238 4447 1421 4500 med

320 4551 323 4558 .
366 4517 459 4563 umus
536 4545 564 4568 .-
876 4543 883 4553 ·
906 4513 1221 4582 armunensem.
1368 4543 1372 4552 ·
