3175 5200
403 379 463 433 416
835 365 919 427 ΤῙΤΙ
939 365 1040 425 letl

370 551 378 567 ·
403 521 536 586 Romani
548 526 625 606 egri,
641 541 732 607 quam
748 521 947 600 Privernates,
968 518 1118 582 Veliterni
1134 519 1263 597 deinde,
1285 517 1494 580 incursione

260 618 267 634 ⁸
303 615 310 630 '
371 615 379 632 '
404 612 565 692 repentina
576 611 724 672 facerunt.
768 607 887 670 Eodem
903 627 984 669 anno
1005 607 1107 668 “dua
1121 608 1232 684 tribus,
1255 603 1491 686 ⁸⁹Pomptina

404 707 437 758 et
458 701 485 737 ⁹⁰
496 695 635 774 Publilia,
651 697 771 758 additae.
814 700 840 736 ⁰¹
853 693 931 755 Ludi
953 694 1058 771 votivi,
1075 713 1152 776 quos
1168 692 1216 753 bl.
1232 692 1353 754 Furius
1369 692 1488 752 dicta·

235 811 284 858 μ,
299 809 328 858 α,
342 826 391 858 sm·
404 795 454 845 tor
468 794 599 860 voverat,
615 783 705 844 lacti:
729 795 761 844 et
776 782 815 843 de
830 781 947 842 ambitu
973 781 1013 842 ab
1034 779 1070 841 C.
1082 778 1213 840 Poetelio
1236 779 1375 839 tribuno
1407 778 1484 860 ple·

234 875 348 952 brentam
403 871 461 946 bis,
485 870 657 931 auctoribus
681 862 832 948 Patribus,
856 878 922 928 tum
949 866 1082 947 primum
1112 866 1152 927 ed
1179 865 1338 947 populum
1365 865 1479 926 latura

272 955 336 989 ”¹⁰¹³
403 966 471 1018 est:
497 977 593 1039 eaque
616 957 774 1038 rogatione
797 974 945 1016 novorum
968 954 1103 1014 maxime
1125 952 1291 1012 bominum
1310 952 1478 1012 ambitio-

244 1015 282 1070 ἠ
403 1062 485 1120 nem,
500 1044 551 1126 qui
566 1043 717 1104 nundinas
731 1052 764 1103 et
785 1045 813 1081 ⁹²
826 1039 1031 1102 conciliabula
1045 1039 1134 1100 obire
1149 1038 1235 1100 soliti
1251 1049 1359 1115 erant,
1375 1059 1476 1099 com-

405 1148 540 1210 pressam
556 1130 730 1191 credebant.

235 1240 309 1290 uc,
321 1245 378 1294 398.
445 1213 531 1277 XVI.
554 1214 649 1277 Haud
686 1235 768 1298 aeque
800 1216 868 1276 laeta
905 1213 1043 1275 Patribus
1081 1214 1255 1296 insequenti
1293 1233 1396 1290 anno,
1431 1211 1473 1273 C.

233 1307 266 1355 A.
278 1307 307 1356 c.
317 1310 374 1357 aaa.
401 1298 533 1381 Marcio,
544 1301 602 1365 Cn.
619 1300 737 1363 Manlio
753 1302 937 1378 consulibus,
959 1303 986 1340 ⁹⁸
995 1300 1035 1360 de
1056 1299 1197 1361 unciario
1220 1299 1344 1360 foenore
1369 1319 1391 1358 a
1417 1297 1470 1359 Μ.

234 1370 379 1488 gfflfgpo
400 1386 516 1466 Duilio,
543 1386 581 1449 1..
606 1385 719 1470 Maenjo
748 1388 877 1449 :sauna
903 1387 1000 1470 prens
1025 1386 1147 1467 rogaro
1169 1396 1218 1446 ea
1239 1385 1387 1466 perrara:
1432 1398 1467 1446 et

233 1499 268 1552 11.
281 1503 343 1552 eon.
400 1474 487 1555 plebs
503 1475 658 1558 aliquanto
672 1495 740 1536 eam
767 1475 906 1556 cupidius
925 1473 1013 1534 scivit
1038 1472 1225 1555 accepitque.
1258 1471 1346 1532 ”Ad
1375 1471 1465 1532 bella

356 1619 364 1647 Ι
399 1579 487 1636 nova,
511 1561 610 1642 priore
637 1582 717 1622 anno
747 1561 909 1638 destinata,
925 1558 1036 1620 Falisci
1058 1578 1180 1641 quoque
1204 1559 1311 1618 hostes
1339 1558 1463 1635 exorti,

400 1645 514 1726 duplici
530 1647 673 1708 crimine:
698 1647 780 1730 quod
795 1660 912 1709 etcum
930 1643 1201 1728 Tarquiniensibus
1232 1644 1379 1726 juventus
1399 1665 1462 1706 eo·

399 1751 466 1792 rum
481 1732 677 1811 militaveram
716 1744 748 1795 et
773 1753 838 1811 eos,
868 1733 920 1816 qui
950 1729 1084 1793 Falerios
1113 1731 1320 1813 perfugerant,
1349 1751 1460 1813 quum

399 1817 478 1878 nrale
502 1829 672 1900 pugnaturn
698 1831 755 1896 est,
785 1819 990 1902 repetentibus
1020 1817 1180 1878 fecialibus
1203 1816 1346 1878 Romanis
1377 1837 1455 1877 nora

400 1902 603 1966 reddiderant.
647 1903 693 1966 Ea
720 1906 875 1988 provincia
902 1904 961 1966 Cn.
986 1903 1106 1965 Manlio
1131 1903 1270 1965 obvenit:
1301 1900 1458 1964 Marcius

400 1989 566 2049 exereitum
581 1991 613 2050 in
628 2009 734 2070 agrum
760 1990 975 2064 Privernatem,
1000 1990 1153 2068 integrum
1168 2010 1243 2071 pace
1263 1988 1458 2072 longinqua,

231 2069 344 2148 31111111,
400 2072 537 2135 induxit:
568 2075 754 2158 militemque
780 2074 883 2157 praeda
907 2071 1050 2156 inplevit.'
1094 2073 1144 2132 Ad
1182 2075 1305 2155 copiam
1343 2095 1455 2137 rerum

231 2136 370 2249 2thss
400 2159 519 2222 addidit
533 2160 784 2238 munificentiam,
799 2161 892 2243 quod,
917 2159 992 2220 nibil
1017 2159 1049 2220 in
1074 2159 1232 2240 publicum
1248 2162 1455 2238 secernendo,

231 2266 369 2316 verentibus.
400 2247 522 2328 augenti
547 2269 610 2310 rem
627 2250 775 2330 privatam
802 2247 891 2308 militi
917 2246 1001 2307 lavit
1045 2243 1235 2307 Privernates
1256 2266 1354 2328 quum
1377 2258 1454 2308 ante

231 2331 377 2410 1111111111
398 2335 513 2395 rnoenia
528 2355 583 2396 sua
597 2335 703 2396 castris
718 2333 896 2416 permunitis
914 2330 1136 2408 consedissent3
1158 2333 1279 2394 vocatis
1306 2333 1346 2394 ad
1374 2352 1455 2394 eon·

230 2408 295 2448 '¹⁶¹²'
399 2420 520 2482 cionem
534 2420 692 2498 militibus,
715 2422 726 2453 ‘
741 2420 850 2482 Castra
861 2417 967 2497 nunc‚'
983 2418 1090 2501 inquit,
1113 2418 1225 2479 ‘vobis
1236 2419 1385 2499 bostium,
1397 2441 1452 2481 ur·

398 2507 410 2539 ‘
425 2507 553 2588 bemquc
568 2507 674 2588 praedae
689 2507 739 2584 do,
751 2507 775 2568 si
786 2507 851 2567 nihi
861 2502 1114 2588 pollicemini‚vos
1124 2503 1247 2566 fortiter
1254 2506 1287 2566 in
1296 2507 1364 2567 acie
1373 2529 1455 2589 ope·

397 2591 410 2624 ‘
424 2612 488 2652 rem
500 2604 672 2671 navaturos,
681 2614 738 2655 nec
750 2592 856 2675 praedae
866 2593 974 2677 magis,
982 2612 1073 2676 quam
1083 2612 1202 2675 pugnae,
1210 2604 1338 2674 paratos
1346 2613 1431 2657 esse.
1440 2593 1453 2619 ⁰

398 2674 527 2757 Signum
536 2678 666 2759 poscunt
675 2680 790 2760 ingenti
800 2679 947 2741 clamore:
972 2679 1242 2761 ⁹⁶celsiqueetspe
1253 2680 1335 2741 band
1348 2680 1452 2743 dubia

397 2762 514 2825 feroces
535 2765 568 2825 in
583 2765 721 2846 proelium
736 2765 861 2827 vadunt.
904 2765 951 2828 lbi
971 2766 1042 2827 ante
1056 2765 1143 2847 signs
1161 2762 1227 2826 Sex.
1248 2762 1379 2843 lbllius,
1397 2767 1444 2829 de

396 2868 457 2931 quo
469 2861 541 2910 ante
551 2849 667 2912 dictum
679 2864 736 2930 est,
748 2852 916 2914 exclamat:
932 2852 943 2884 ‘
957 2852 1100 2935 Adspice,
1116 2848 1301 2933 lmpemtor,’
1322 2851 1442 2934 inquit,

396 2932 678 3018 ‘quemadmodum
693 2938 842 2999 exercitus
853 2950 923 3000 tuus
937 2939 993 3000 tibi
1002 2939 1289 3021 promissaprestet:
1310 2937 1445 3020 piloque

397 3021 509 3104 posito,
537 3024 645 3085 stricto
668 3016 771 3105 gladio
794 3024 826 3086 in
852 3027 971 3087 bostem
987 3026 1124 3107 inpetum
1139 3023 1220 3085 lacit.
1262 3020 1450 3106 Sequuntur

428 3196 454 3253 ⁸⁸,
468 3194 759 3261 Duaetribus..'..additae]
777 3199 901 3263 Tumsep·
933 3200 1038 3249 mirare
1058 3201 1123 3248 luere
1140 3201 1199 3264 apud
1217 3210 1309 3248 veteres
1323 3198 1448 3249 Rmsnas

395 3272 444 3311 tem
459 3274 483 3309 et
500 3264 581 3325 viginti
598 3264 672 3313 tribus
687 3265 754 3313 factae
770 3278 832 3314 suut.
847 3264 901 3315 Vid.
933 3282 1016 3315 usuro.
1047 3266 1153 3313 Minores
1171 3281 1223 3314 earu
1238 3265 1326 3313 babent
1342 3267 1373 3313 sd
1389 3283 1448 3315 een·

287 3380 303 3389 ..
395 3330 554 3392 rabaupra.
671 3332 673 3339 ’
933 3331 1025 3379 resimas
1034 3332 1154 3388 sarmacia,
1171 3347 1240 3393 quam
1255 3331 1447 3395 babentporrio-

426 3391 449 3427 ⁸⁹
482 3390 608 3454 Pmnptr'nu]
651 3394 745 3443 Nomen
779 3395 849 3441 traxit
888 3410 902 3441 s
933 3411 974 3444 nes
989 3397 1043 3444 assis
1061 3398 1089 3443 sd
1106 3411 1179 3442 essem
1196 3395 1220 3442 in
1236 3396 1317 3443 uncias
1330 3397 1444 3445 distribu-

394 3454 518 3529 ifomptino
542 3473 595 3519 egro
620 3473 689 3522 prope
711 3460 792 3507 urbem
816 3458 898 3507 Pome-
930 3472 990 3509 turo.
1023 3462 1087 3509 illuc
1102 3475 1164 3524 saepe
1178 3462 1269 3509 mentio
1289 3464 1350 3524 apud
1371 3464 1446 3528 strip-

394 3527 461 3566 nanr.
930 3536 994 3575 tores
1011 3528 1109 3575 menna
1122 3526 1152 3572 de
1168 3526 1281 3587 bessibus,
1300 3528 1445 3586 semissibus,

425 3582 449 3617 ⁹⁰
465 3580 576 3649 Publilia]
597 3585 661 3634 Alias
681 3584 786 3648 Popillia.
820 3589 899 3651 Hujus
931 3596 972 3640 tre.
988 3592 1069 3641 usuris.
1100 3590 1208 3638 Uatinia
1229 3592 1301 3652 igitur
1319 3609 1389 3640 usura
1404 3608 1442 3643 est

393 3647 819 3780 '¹⁰3¹l'.b³‘⁰⁹“;:.”2b'‘·t55.1.1
843 3716 888 3765 m
929 3656 1332 3771 l:b“³?.²...t:;‘:t‘2ffi”‘
1351 3675 1439 3773 „lab”

392 3778 532 3831 aot.,83.ad
543 3795 563 3827 c.
574 3782 613 3829 42.
623 3779 640 3828 1.
650 3792 685 3831 vr.
930 3786 992 3835 Hoec
1006 3737 1057 3835 siae
1073 3787 1165 3851 probate
1182 3788 1282 3851 reperies
1298 3740 1358 3852 sppubl
1374 3790 1440 3839 Gra·

419 3844 446 3919 ¹⁹²
472 3842 632 3909 Conciliabala]
665 3847 725 3895 Lace
748 3847 817 3912 paulo
835 3846 898 3895 cele·
930 3853 1023 3899 acrium
1033 3852 1050 3899 l.
1067 3865 1107 3900 ιιι.
1119 3852 1149 3899 de
1160 3850 1214 3901 Pec.
1225 3862 1274 3900 ret.
1283 3868 1305 3901 e.
1319 3855 1357 3903 13.
1390 3856 1442 3903 Co·

391 3906 475 3982 bnon,
493 3908 517 3957 in
536 3910 619 3973 quibus
630 3913 669 3972 jus
686 3915 755 3960 eriam
770 3912 895 3963 dicebatur.
927 3928 1003 3965 terum
1018 3916 1076 3968 banc
1089 3916 1164 3976 legera
1182 3917 1211 3965 de
1232 3918 1331 3965 unciario
1346 3918 1440 3970 ωε

392 3970 781 4027 vid.Tum.l.1.Adverse.11.
927 3982 1035 4031 adscribit
1051 3982 1171 4031 duodecim
1187 3983 1272 4031 tabulis
1287 3982 1382 4031 Tacitus
1398 3999 1438 4037 vr.

341 4076 343 4079 .
422 4038 444 4074 ω
470 4038 505 4088 De
529 4042 630 4089 unciario
646 4040 745 4107 forme]
779 4041 843 4089 uuir
865 4042 896 4090 sit
926 4048 1025 4098 Anax.
1040 4048 1077 4096 16.

391 4104 517 4152 unciariurn
542 4107 627 4166 lienus,
645 4108 705 4155 clare
728 4118 753 4155 et
779 4108 896 4169 :legenter
958 4112 1056 4159 91·Δά
1064 4111 1131 4175 bella]
1152 4112 1240 4163 Melius
1252 4113 1378 4176 legeretur:
1395 4113 1436 4160 Aa

390 4168 484 4227 exponit
499 4168 608 4235 Dujstius
624 4170 660 4220 bis
675 4173 724 4220 lere
740 4172 815 4220 verbis
831 4172 894 4220 Usu·
924 4176 980 4225 bella
990 4179 1063 4238 priore
1080 4194 1138 4226 urna
1155 4180 1275 4240 destinae,
1290 4178 1436 4242 Faliscique-

391 4242 424 4273 rae
451 4235 593 4293 centesima,
618 4240 699 4299 quibus
729 4238 754 4286 in
785 4248 895 4286 centenos
925 4242 1184 4305 qaemaibarteseeorti.

391 4305 498 4371 nummqs
521 4314 580 4349 unus
604 4318 654 4365 pcr·
670 4303 769 4364 singulos
796 4318 895 4365 memes,
957 4306 1084 4371 avesa]
1115 4308 1189 4357 lilst'u
1205 4310 1297 4359 salmis.
1328 4309 1368 4356 ste
1386 4308 1439 4359 l'ess

391 4356 511 4407 duodena
530 4367 624 4425 proinde
641 4382 683 4433 per
706 4368 806 4430 singulos
824 4384 895 4417 sanos
927 4371 1010 4423 Horat.
1027 4372 1059 4422 A.
1079 4374 1107 4424 P.
1126 4390 1148 4425 r.
1168 4376 1226 4425 342·
1246 4372 1441 4429 amabas.

390 4422 654 4485 permemoratur:
675 4446 728 4482 sunt
747 4434 896 4497 reliquarum,
925 4452 969 4489 aer.

390 4494 415 4534 et
432 4486 549 4557 faenebris,
568 4506 595 4544 ut
615 4496 647 4545 its
667 4498 750 4559 dicam,
771 4499 815 4549 As.
848 4500 895 4549 He
