3175 5200
538 374 669 454 uuiti
686 374 769 453 cin.
783 375 884 453 limi.
1134 442 1139 449 .
1173 374 1234 455 aa

160 633 166 641 μ
185 556 222 635 is,
243 568 313 619 cum
329 554 465 618 exercitu
483 552 649 639 proiectus,
664 553 730 616 acie
751 552 856 616 hostes
877 546 952 615 eieit
962 569 973 632 ς
999 546 1153 639 'victorque
1163 548 1229 620 ilo-
1243 557 1276 612 υ.
1288 553 1318 613 e.
1327 546 1389 618 tal(

186 662 270 706 mam
293 642 332 706 ad
346 642 445 725 majus
460 642 618 723 aliquanto
634 652 789 704 certamen
807 640 888 703 redii
896 639 916 701 ¹.
958 636 1034 703 Dies
1053 640 1145 734 dicta,
1157 633 1231 706 ‘erat
1241 623 1389 745 ῧυξῇπῃ

186 730 314 794 tribunis
340 729 436 813 plebis
453 728 568 791 biennii
592 728 754 811 superioris
769 726 809 789 Α.
823 724 963 810 Virginio
985 735 1018 790 et
1036 728 1077 800 Q.
1096 728 1230 815 Pompo-
1242 729 1356 826 md
1365 728 1398 813 α’

185 818 259 881 nio:
287 838 361 901 quos
377 814 498 880 defendi
514 812 637 877 Petrum
664 834 813 878 consensu
836 812 876 875 ad
891 812 985 875 fidem
999 826 1121 879 senatus
1135 816 1231 903 perti·
1243 814 1353 879 mmcd.

187 906 290 967 nebat.
312 924 410 986 neque
437 905 517 966 enim
545 924 596 964 eos
621 902 755 964 autvitae
769 900 833 963 ullo
857 900 983 963 crimine
1002 900 1063 963 alio
1078 915 1132 966 aut
1154 906 1232 986 gesti

186 992 381 1073 magistratus
408 992 567 1073 quisquam
594 988 750 1071 arguebat,
780 1000 980 1072 preterquam
999 988 1092 1071 quod,
1115 990 1233 1073 gratid-

187 1090 291 1140 cantes
321 1076 471 1157 Patribus,
493 1076 645 1159 rogationi
666 1074 834 1139 tribuniciae
856 1074 1106 1141 intercessissent.
1149 1074 1234 1141 Vicit

186 1176 291 1227 tamen
315 1166 447 1247 gratiam
470 1176 593 1227 senatus
607 1162 704 1246 plebis
731 1162 796 1240 ira3
822 1173 855 1225 ct
869 1162 1003 1246 pessimo
1017 1164 1160 1249 exemplo
1185 1164 1233 1227 in-

185 1252 270 1314 noxii
291 1252 316 1291 ¹⁸
328 1252 413 1313 denis
433 1250 566 1313 millibus
581 1251 680 1333 gravis
701 1248 767 1313 aris
782 1247 979 1312 condemnati
993 1258 1075 1314 sunt.
1101 1250 1134 1316 id
1156 1270 1234 1334 aegre

185 1340 267 1421 passi
291 1337 407 1401 Patres.
443 1337 591 1400 Camillus
622 1337 722 1421 palam
750 1336 775 1377 ¹⁸
791 1333 913 1398 sceleris
936 1335 1058 1420 plebem
1085 1356 1209 1421 arguere
1222 1343 1356 1401 summm

186 1424 198 1545 ἶ
212 1444 289 1574 pop,
304 1424 370 1528 jam
384 1424 417 1573 {p
433 1444 505 1529 suos
516 1443 613 1503 versa,
627 1422 897 1573 notrplinpclligproeet,
910 1431 944 1485 'se
955 1442 1048 1527 pravo
1060 1423 1178 1575 jpldicio
1190 1426 1232 1575 pie
1243 1411 1362 1601 ἒξ*
1371 1410 1398 1462 ta

186 1530 764 1683 ιὴῖῃῗὲῗὲρῗιὲἳᾴῗῗῗῖἒῖἒήῑέἒεῗ
775 1521 1231 1685 ’lns⁰;tll¹¹ll¹2ptnn;

186 1685 197 1718 ‘
212 1685 389 1748 effrenatam
398 1685 553 1748 licentiam
563 1683 627 1768 ejus
637 1684 833 1766 magistratus
843 1680 947 1746 Panes
958 1686 1082 1766 laturos,
1096 1684 1160 1751 tolli
1170 1701 1233 1752 eoa.

185 1771 197 1804 ‘
212 1768 244 1832 Si
258 1772 421 1835 tribunicia
431 1773 476 1834 vis
485 1770 647 1835 tribunicio
656 1769 769 1833 auxilio
778 1768 884 1855 repelli
892 1780 1034 1855 nequeat,
1043 1770 1127 1837 aliud
1136 1770 1234 1838 telum

185 1857 197 1890 ‘
212 1854 316 1920 Patres
330 1859 506 1925 inventuros
524 1856 611 1921 esse!
624 1856 831 1939 consulesque
846 1856 1034 1943 increpabat,
1042 1858 1164 1944 qnod¹⁸
1173 1856 1234 1924 lide

187 1944 308 2027 publica
330 1945 429 2031 decipi
466 1946 605 2009 tribunos
638 1965 691 2008 eos
728 1944 816 2008 taciti
846 1942 998 2026 tulissent,
1035 1946 1087 2049 qui
1113 1951 1234 2011 senatus

186 2034 400 2095 auctoritatem
420 2034 515 2095 secuti
531 2043 643 2097 essent.
687 2026 762 2094 Haec
785 2030 944 2118 propalam
965 2032 1235 2097 concionabundu's

79 2166 81 2169 .
187 2118 218 2180 in
235 2118 299 2181 dics
314 2118 414 2203 magis
430 2118 562 2202 augebat
580 2120 641 2183 iras
656 2118 828 2183 hominurn.
893 2170 902 2189 .

229 2204 334 2269 XXX.
357 2204 506 2271 Senatum
534 2226 607 2269 vcro
633 2204 759 2269 incitare
786 2206 932 2270 adversm
950 2203 1049 2290 legem
1071 2200 1154 2270 nand
1180 2202 1363 2289 die-§wn-

187 2292 335 2379 sistebapt
358 2293 422 2357 ‘ne
438 2294 526 2357 aliter
541 2290 760 2357 descenderent
774 2292 806 2356 in
816 2288 927 2373 iorum,
942 2310 1036 2377 quum
1051 2288 1116 2358 dies
1133 2290 1233 2357 leten-
1245 2276 1375 2389 ’,Ἓξ

185 2373 259 2441 “da
275 2378 351 2462 legis
373 2380 518 2460 venisset,
544 2398 635 2464 quam
651 2389 686 2443 ut
709 2376 760 2464 qui
776 2378 997 2461 meminissent,
1022 2382 1081 2467 tibi
1095 2397 1152 2465 pro
1174 2379 1233 2444 aris
1245 2405 1394 2467 gemaene.
1463 2439 1467 2445 .

185 2460 348 2549 ‘focisque
363 2479 396 2529 et
410 2466 513 2531 Deilm
529 2468 651 2552 templis
666 2486 703 2529 ac
727 2460 1331 2550 s010,lnquooariaseotdlmlzeapdo
1413 2507 1418 2525 .·
1459 2469 1464 2486 ¹

186 2551 344 2618 ‘candum
375 2552 449 2618 iore.
479 2553 561 2618 Nam
577 2552 660 2636 quod
675 2552 714 2616 ad
739 2572 771 2616 se
798 2552 941 2638 privatim
956 2552 1107 2635 adtineal,
1131 2552 1158 2617 ei
1173 2567 1234 2620 sue
1245 2537 1325 2589 vem

185 2637 313 2723 ‘glorie
328 2639 385 2703 sibi
401 2641 482 2705 inter
496 2640 725 2704 dimicationem
741 2642 847 2725 patrie
861 2639 1035 2704 meminisse
1050 2641 1090 2704 sit
1108 2637 1164 2722 ias,
1175 2641 1233 2706 sliri

185 2723 196 2760 ⁸
211 2727 346 2810 amplum
366 2746 486 2810 quoquc
501 2747 577 2807 esse,
588 2727 694 2789 urbem
710 2728 748 2790 ab
760 2746 793 2789 se
805 2737 929 2812 captam
945 2723 1141 2811 frequentari,
1157 2746 1234 2812 quo-

185 2813 286 2876 ‘tidie
308 2835 340 2877 se
356 2813 414 2876 frui
430 2825 630 2878 monumento
643 2813 747 2896 gloria
766 2835 836 2894 sua,
863 2825 896 2878 et
913 2826 985 2878 ante
1002 2817 1106 2878 oculos
1122 2814 1237 2880 habere

184 2900 196 2933 ‘
209 2901 418 2964 urbemlatam
424 2901 456 2965 in
466 2899 623 2985 triumpho
632 2919 697 2980 sno,
703 2900 843 2974 insistere
854 2921 960 2964 omnes
969 2899 1104 3050 vestigia
1111 2900 1235 2967 laudum

185 2988 343 3050 ‘suarum
358 2988 507 3051 sedneias
520 2989 640 3066 ducere,
651 2989 804 3051 desertam
814 2988 1042 3051 acrelictamab
1080 2989 1237 3052 iisinmor-
1297 3025 1302 3034 ·

187 3070 198 3103 ‘
214 3074 324 3135 talibus
336 3075 428 3135 incoli
438 3077 560 3152 urbem3
584 3087 616 3136 et
631 3075 662 3135 in
672 3074 795 3158 captivo
810 3074 877 3136 solo
897 3076 922 3114 ⁸¹
934 3075 1073 3136 habitare
1090 3077 1237 3159 populum

187 3159 198 3191 ‘
212 3157 396 3235 Romanum,
408 3171 441 3221 et
454 3156 578 3222 victrice
590 3151 689 3242 patria
699 3158 813 3221 victam
826 3159 957 3221 mutari!
973 3159 1032 3221 His
1044 3161 1238 3224 adhortatio·

187 3246 275 3306 nibus
288 3245 434 3328 principis
456 3245 602 3308 concitati
628 3244 743 3323 Patres,
758 3265 847 3306 senes
854 3244 1052 3328 juvenesque,
1064 3255 1158 3328 quum
1173 3247 1243 3310 ter-fl

188 3343 270 3394 retur
291 3333 352 3410 lex,
373 3331 494 3414 agmine
510 3329 593 3392 lacto
612 3331 644 3391 in
666 3330 947 3393 iommvenerunt:
970 3331 1169 3415 dissipatique
1184 3351 1239 3418 per

186 3419 294 3497 tribus,
310 3439 380 3480 suos
399 3417 524 3500 quisque
536 3417 660 3479 tribules
684 3429 876 3500 prensantes,
901 3436 986 3480 orare
1014 3436 1084 3480 cum
1103 3416 1237 3483 lacrimis

187 3526 316 3589 crepere,
332 3501 400 3568 ‘Ne
420 3525 488 3567 eam
511 3503 653 3589 patriam,
673 3495 739 3587 prd
750 3525 812 3588 qua
827 3505 990 3590 fortissime
1003 3501 1237 3590 felicissimeque

187 3593 270 3742 ‘ipsi
284 3615 320 3655 ac
342 3605 444 3676 patres
459 3611 564 3656 eorum
583 3593 791 3674 dimicassent,
811 3592 1009 3673 desererent,'
1035 3593 1237 3681 Capitolium,

186 3701 211 3742 ee
235 3699 284 3742 em
294 3677 407 3759 Veste,
432 3691 535 3743 cetere
558 3679 641 3742 eirca
659 3678 778 3764 templa
787 3679 925 3745 Deorum
940 3693 1141 3746 ostentantes.
1164 3677 1238 3744 ‘Ne

186 3767 198 3801 ‘
212 3765 358 3848 exsulem,
374 3777 526 3832 extorrem
535 3765 681 3852 populum
692 3766 869 3833 Romanum
880 3768 919 3833 ab
929 3768 994 3833 solo
1009 3765 1111 3854 patrio
1122 3763 1237 3832 aeDiis

583 3939 837 3995 ‘memorre

221 4097 242 4138 ¹⁸
258 4097 696 4182 {lmirpillilutgrnoiserir11dert‚
726 4099 817 4164 simili,
833 4092 894 4165 quod
913 4095 960 4150 illis
975 4094 1166 4164 unitarum
1182 4093 1237 4150 fin-

185 4165 692 4300 atmufmmsnnl:
809 4226 930 4293 rm]
1079 4223 1151 4279 ‚a
1218 4223 1226 4243 ·

186 4295 250 4349 tione
271 4311 309 4350 ert
331 4301 354 4349 id
375 4299 435 4364 quod
457 4300 587 4348 adversatur
605 4295 693 4364 pietati.
725 4301 785 4348 tari:
803 4297 862 4362 quod
915 4299 921 4310 ⁶
944 4295 952 4311 ⁸
1032 4307 1150 4364 mmm,

187 4365 258 4413 Porro
269 4379 346 4416 contra
356 4367 466 4432 piarum
477 4377 512 4415 eet
523 4367 549 4414 in
566 4380 614 4414 aroc
630 4365 696 4422 rori,
726 4363 788 4412 euim
809 4361 905 4412 verium
924 4363 1014 4428 proprie
1031 4363 1116 4414 dicim
1130 4361 1161 4409 de
1172 4360 1237 4411 ioco·

83 4501 85 4510 Ι
193 4447 233 4480 rus
246 4427 338 4481 violare.
723 4429 826 4480 lentibus
834 4429 909 4480 ulum
918 4429 1028 4480 alim
1044 4427 1134 4486 Plinius
1146 4425 1238 4478 laert·

221 4493 268 4528 0⁸
291 4487 1244 4562 amnemam11sfnu-e.ao.ummmmmt

185 4561 428 4628 demmpelliflducia
444 4559 693 4628 promi-iubereris
726 4557 1093 4695 lopuppwequemircrn.
