3175 5200
320 437 323 444 ·
399 435 403 440 ’
474 407 550 468 Llll.
571 401 854 465 V11.clt².·x1.11.
1129 409 1188 464 tet

28 553 29 584 ³
137 563 244 626 militis
259 561 364 647 scripti
386 581 510 641 nomen,
531 561 589 623 nisi
611 561 679 645 ipso
701 559 832 637 volente,
855 559 1016 625 deleremr.
1035 559 1190 626 additum·
1203 567 1345 619 11.c.ttt·
1387 583 1393 590 ·

28 655 30 660 ’
139 671 199 733 que
216 651 287 734 legi,
304 671 343 714 ne
357 649 435 732 quis,
450 650 503 712 ubi
520 649 657 734 tribunus
672 647 805 711 militum
817 647 934 726 firisset,
947 660 1056 732 postea
1074 652 1101 690 ⁹²
1107 647 1191 712 ordi·
1203 635 1234 684 Α·
1246 629 1275 682 α
1284 635 1342 684 339·

140 758 213 800 num
230 739 338 806 ductor
352 749 443 800 esset.
488 731 523 798 ld
546 749 670 819 propter
694 732 728 796 P.
754 731 914 796 Salonium
934 736 1124 816 postulatum
1144 747 1192 798 est

27 901 29 906 ι
140 826 180 887 ab
200 821 385 906 conjuratis3
409 824 461 906 qui
483 823 609 886 altemis
630 842 724 904 prope
739 821 828 882 anuis
849 833 881 884 et
895 820 1033 884 tribunus
1048 823 1192 900 militum,

139 922 173 974 et
188 911 302 994 primus
317 911 455 972 centurio
470 921 547 988 erat,
561 929 651 990 quem
667 928 747 970 nunc
763 907 909 991 primipili
923 905 1090 992 adpellant.
1112 907 1192 971 Huic

27 989 31 1026 ¹
141 997 252 1060 infensi
266 997 379 1060 milites
394 1007 490 1076 erant,
511 995 594 1078 quod
614 1015 734 1078 semper
755 995 930 1057 adversams
951 996 1037 1058 novis
1058 995 1193 1058 consiliis

141 1083 257 1162 suisset,
285 1095 317 1146 et
341 1082 441 1146 ⁰³ne⁶
465 1083 618 1166 particeps
646 1101 749 1144 eorum
776 1094 867 1160 esset,
891 1081 965 1163 qui‘
992 1083 1031 1144 ab
1057 1081 1194 1146 l'autulis

27 1169 29 1204 ³
141 1169 319 1252 iirgissent‘.
365 1169 472 1252 ltaque
498 1190 590 1252 quum
617 1168 676 1230 hoo
706 1188 801 1230 unum
828 1179 951 1252 propter
976 1165 1135 1231 Salonium
1154 1168 1194 1231 ab

141 1269 250 1321 senatu
264 1277 327 1320 non
342 1258 544 1340 inpetraretur
552 1279 563 1335 ;
579 1267 643 1319 tum
660 1253 811 1330 Salonius,
823 1256 992 1318 obtestatus
1003 1254 1108 1318 Patres
1118 1276 1194 1317 con·

142 1345 283 1426 scriptos,
298 1365 337 1406 ne
352 1363 439 1405 suum
455 1344 602 1406 honorem
614 1341 718 1424 pluris,
733 1361 824 1422 quarn
840 1342 1037 1404 concordiam
1052 1342 1194 1420 civitatis,

142 1431 336 1510 estimarent,
351 1430 493 1514 perpulit,
511 1441 546 1492 ut
564 1430 596 1491 id
613 1447 733 1510 quoque
752 1427 892 1491 ferretur.
934 1427 1038 1511 AEque
1053 1429 1195 1514 inpotens

143 1518 333 1601 posttdatum
354 1515 422 1595 fuit,
446 1521 472 1556 ⁹⁴
483 1527 519 1578 ut
541 1516 602 1578 de!
622 1514 776 1596 stipendio
797 1516 935 1595 equitum
953 1513 1124 1594 (merebant
1139 1535 1194 1576 au·

143 1617 207 1667 tem
224 1603 367 1686 ”triplex
382 1625 420 1666 ea
434 1603 629 1687 tempestate)
648 1623 706 1664 aera
721 1602 925 1680 demerentur,
940 1601 1024 1683 quod
1044 1601 1194 1664 adversati

144 1689 347 1773 conjurationi
363 1689 500 1752 fuissent.

98 1814 102 1824 ·
186 1775 287 1838 XLll.
310 1775 420 1840 Praeter
440 1776 504 1838 lraec
528 1773 649 1836 invenio
673 1773 754 1856 apud
774 1773 935 1856 quosdam,
955 1771 991 1834 1..
1012 1772 1194 1852 Genucium,

144 1863 299 1926 tribunum
321 1862 429 1946 plebis,
451 1861 556 1924 tulisse
579 1859 618 1922 ad
639 1860 797 1944 populum,
827 1881 867 1922 ue
895 1861 1044 1923 foenerare
1065 1861 1193 1924 liceret:

144 1949 218 2013 item
243 1949 309 2012 aliis
330 1949 498 2032 plebiscitis
520 1960 655 2026 cautum,
670 1967 709 2009 ne
729 1946 797 2028 quis
819 1947 959 2009 eumdem
982 1948 1195 2030 magistratum

144 2037 226 2100 intra
241 2037 347 2098 decern
361 2056 457 2097 annos
472 2045 615 2117 caperet;
641 2053 700 2096 neu
722 2033 799 2094 duos
820 2033 1016 2111 magistratus
1034 2055 1097 2096 uno
1112 2054 1194 2094 anno

132 2135 282 2206 .gereret;
306 2121 409 2203 utique
434 2121 541 2182 liceret
565 2119 705 2183 consides
728 2121 836 2182 ambos
860 2118 994 2201 plebeios
1009 2119 1115 2182 creari.
1129 2141 1195 2202 quae

145 2211 172 2271 si
187 2209 291 2272 omnia
305 2229 452 2270 concessa
466 2217 537 2268 sunt
551 2207 644 2289 plebi,
665 2205 802 2290 adparet,
825 2205 909 2267 haud
927 2226 1035 2287 parvas
1048 2206 1126 2268 vires
1140 2205 1194 2268 de·

146 2296 312 2358 sectionem
324 2293 476 2356 habuisse.
520 2292 596 2354 Aliis
613 2291 769 2353 annalibus
785 2292 938 2374 proditum
948 2305 1006 2370 est,
1018 2313 1117 2374 neque
1130 2291 1194 2354 dic-

146 2394 278 2445 tatorem
288 2377 442 2443 Valerium
456 2380 581 2457 dictum,
593 2378 647 2440 sed
656 2399 710 2460 per
721 2379 859 2441 consules
869 2399 991 2441 omnem
1003 2400 1067 2441 ram
1078 2390 1194 2442 actamr

148 2489 256 2551 neque,
272 2481 435 2549 antequam
450 2466 581 2528 Romam
595 2466 756 2544 veniretur,
772 2465 827 2526 sed
842 2463 957 2544 Romae,
972 2487 1041 2528 eam
1056 2466 1195 2529 multitu-

149 2556 251 2619 dinem
282 2553 506 2636 conjuratorum
536 2552 576 2615 ad
607 2572 692 2614 arma
720 2563 947 2616 consternatam
977 2573 1061 2632 esse3
1084 2574 1142 2615 nec
1165 2553 1197 2615 iu

147 2642 186 2705 T.
202 2643 339 2714 Quinctii
364 2642 475 2717 villam,
502 2640 557 2703 sed
582 2639 614 2701 in
640 2640 718 2701 aedes
742 2638 778 2701 C.
800 2639 922 2717 Manlii,
945 2654 1036 2703 nocte
1061 2640 1197 2723 inpetum

149 2729 275 2807 lactum,
291 2748 419 2809 eumque
443 2748 462 2787 a
485 2725 651 2806 conjuratis
675 2726 939 2809 comprehensum,
959 2738 994 2788 ut
1015 2726 1078 2788 dux
1091 2726 1198 2789 fierett

148 2816 218 2878 inde
245 2814 285 2877 ad
314 2827 454 2896 quartum
485 2812 619 2897 lapidem
656 2812 810 2895 profectos
840 2813 908 2875 loco
940 2813 1058 2875 munito
1089 2834 1197 2875 conse·

150 2904 240 2965 disse.
268 2922 324 2964 nec
351 2902 391 2963 ab
416 2900 542 2963 ducibus
573 2900 758 2961 mentionem
791 2900 962 2962 concordiae
991 2912 1112 2976 ortam3
1144 2900 1199 2961 sed

150 3002 287 3070 repente,
316 3008 409 3069 quum
432 2988 462 3049 in
498 2987 596 3048 aciem
635 2986 744 3047 armati
779 2988 928 3048 exercitus
969 2987 1198 3067 processissent,

151 3075 365 3137 salutationem
381 3072 515 3135 factam:
539 3087 571 3135 et
585 3073 752 3153 permixtos
768 3071 891 3133 dextras
901 3071 1041 3153 jungere,
1062 3094 1098 3133 ac
1113 3094 1198 3135 com·

151 3162 245 3244 plecti
269 3160 349 3221 iuter
364 3180 396 3220 se
419 3159 611 3221 lacrimantes
633 3158 745 3218 milites
766 3158 904 3239 coepisse,
919 3170 1103 3238 coactosque
1124 3179 1199 3221 con·

152 3248 241 3325 sules,
261 3266 353 3327 quum
368 3246 508 3306 viderent
530 3263 648 3305 aversos
663 3266 682 3305 a
698 3244 895 3305 dimicatione
914 3244 1045 3304 militum
1070 3244 1200 3321 animos,

153 3333 289 3398 retulisse
310 3333 350 3394 ad
375 3330 479 3393 Patres
504 3331 542 3392 dc
569 3329 734 3391 concordia
757 3329 992 3391 reconcilianda.
1012 3329 1091 3391 adeo
1112 3330 1200 3410 nihil,

153 3432 353 3507 preterquam
386 3416 569 3479 seditionem
602 3415 705 3495 fuisse,
737 3436 865 3498 eamque
886 3415 1099 3498 compositam,
1121 3418 1201 3482 iuter

152 3509 291 3588 antiquos
313 3525 412 3567 rerum
435 3515 572 3565 auctores
593 3514 724 3565 comtat.
768 3501 810 3564 Et
831 3500 921 3585 hujus
935 3502 1018 3564 lama
1032 3503 1200 3584 seditionis,

250 3676 362 3728 ⁴¹etuti.
374 3691 414 3724 ιιιι
425 3674 499 3722 Gran.
510 3670 579 3719 Crer.
590 3686 618 3719 ιιι
629 3668 677 3721 del.
689 3667 752 3733 Rup·
899 3672 964 3733 'qui
973 3671 1103 3726 delnoer.

380 3739 493 3806 ‘sugim
503 3736 562 3787 End.
773 3741 786 3777 Ι
801 3736 828 3784 da
838 3734 883 3783 del.
894 3734 969 3787 Gran.

185 3866 207 3903 ⁹²
223 3864 332 3913 Ordinem
350 3861 438 3925 duam]
469 3859 590 3910 Centurio.
606 3858 659 3907 Vid.
692 3856 888 3907 tumultuantibus
918 3859 972 3921 fuga
1003 3878 1029 3910 te
1060 3862 1202 3924 altnae,

155 3944 204 3983 tot.
217 3932 320 3982 mede.
332 3928 399 3977 tal.
414 3942 442 3977 ιι.
691 3938 776 3987 eosque
791 3924 897 3973 babuisse
914 3924 1021 3976 offensa.
1047 3929 1158 3995 ψεςήμῑ
1175 3945 1202 3981 tt

186 3998 207 4033 ¹⁶
231 3996 278 4045 Nec
294 3992 412 4058 particeps]
443 3992 502 4053 Lege
524 4005 576 4039 cum
597 3988 659 4037 Gro-
691 3989 753 4053 prius
771 3990 828 4037 aditi
846 3992 977 4041 habuerunt
992 4002 1015 4041 et
1034 4008 1067 4042 ne.
1102 3996 1200 4061 Reliqua

155 4067 237 4113 novio:
267 4060 306 4118 Et,
331 4076 359 4109 ιιι
379 4060 486 4120 mnieaps
506 4071 579 4103 ιιιιιιι
602 4064 662 4116 net,
693 4054 922 4119 tuntaconjectura.

154 4130 182 4177 ab
203 4125 307 4176 [ontulit
316 4124 422 4189 fugisset.
469 4121 585 4183 'Nempe
608 4121 661 4167 ado·
725 4120 773 4157 Ψ
790 4118 821 4167 Ut
831 4124 858 4167 de
867 4123 1201 4185 stipesrdioeqm'tum....m

155 4195 241 4243 leverat
263 4204 288 4240 et
313 4199 445 4255 proruperat
471 4184 599 4249 conjuratio
620 4200 661 4248 per
693 4186 843 4249 deicerentur]
860 4186 1199 4247 Utailquiddetraheremdg

156 4260 206 4307 illot
233 4258 271 4321 qui
304 4259 331 4303 ad
366 4253 473 4301 horulas
504 4252 662 4310 substiterant,
693 4250 808 4313 stipendio
819 4252 878 4313 quod
891 4252 1005 4313 equitibus
1015 4256 1117 4305 dabatur,

156 4324 257 4385 aliosque
289 4323 316 4369 ab
344 4320 436 4368 consule
463 4318 542 4365 mistos
565 4332 661 4377 excepe-
725 4316 747 4351 ³⁴¹¹
760 4315 774 4341 ⁴
789 4313 888 4378 Triplex]
904 4316 1009 4379 Triplum
1021 4318 1071 4382 ejus
1087 4326 1145 4385 quod
1157 4340 1200 4388 pe.

156 4399 216 4437 tant.
259 4382 322 4434 litet
349 4398 403 4446 ergo
432 4382 518 4447 opinari
542 4380 661 4429 Salonium
693 4379 734 4427 der
751 4379 883 4442 accipiebat.
916 4382 993 4438 ivit.
1009 4398 1057 4434 aar.
1076 4390 1116 4437 tt.
1133 4389 1161 4438 ,d
1177 4402 1199 4439 t.

157 4454 230 4519 Ιμιιιι
247 4460 370 4513 occeptum
383 4460 436 4497 earu
453 4447 512 4505 aliu,
534 4445 594 4509 quad
609 4454 660 4493 tum
696 4446 733 4495 tu.
744 4442 760 4492 1.
773 4454 800 4492 v.

156 4528 248 4584 quaqua
264 4510 321 4565 tuat
336 4510 447 4578 flagitium
468 4511 614 4575 improbaret,
632 4508 660 4559 ab
