3175 5200
387 405 428 459 aa
809 376 894 453 mm
915 379 1016 454 m'vu
1060 377 1066 384 ’

385 555 534 640 inposuit.
577 553 620 616 ld·
651 552 712 617 non
737 551 875 631 traditur,
893 573 987 636 quum
1001 551 1082 614 baud
1097 551 1189 614 dubie
1202 552 1359 634 eliquanto
1374 567 1432 612 nu·

390 635 491 706 merus
521 639 618 724 major
647 641 706 702 hoc
734 638 891 700 mulierum
920 639 1020 717 fuerit,
1044 647 1146 717 etate,
1172 659 1212 700 an
1230 636 1433 722 dignitatibus

390 728 451 792 suis
474 729 654 805 virorumve,
680 746 719 787 an
743 735 824 786 sorte
847 725 1017 803 leotasius,
1034 745 1100 807 quae
1113 725 1238 786 nomina
1258 723 1348 786 curiis
1374 722 1432 783 da·

390 826 470 877 rent.
514 813 630 876 Eodem
657 823 793 894 tempore
814 823 845 872 et
865 811 1006 873 centuriae
1025 823 1085 873 tres
1101 810 1237 892 equitum
1251 807 1432 890 coannptae

390 913 471 978 sunt,
495 902 522 940 ⁹⁸
538 896 725 960 Ramnenses
740 899 779 957 ab
794 895 935 975 Romulo,
958 896 997 959 ub
1010 895 1085 960 'liro
1097 894 1192 959 Tatio
1204 895 1360 959 'titienses
1375 893 1431 954 ad·

388 987 504 1069 pellati.
547 983 696 1046 Lucerum
711 983 841 1044 nominis
856 995 888 1046 et
902 984 1026 1065 originis
1041 1004 1147 1045 caussa
1160 983 1278 1046 incerta
1292 994 1350 1043 est.
1379 976 1432 1039 ln-

390 1071 429 1134 de
443 1068 612 1133 non'modo
628 1089 798 1146 commune,
822 1070 875 1130 scd
898 1090 1025 1131 concors
1046 1071 1150 1148 etiam,
1173 1090 1300 1152 regnum
1315 1063 1434 1129 duobus

447 1157 511 1218 'bus
527 1155 595 1218 fuit.

340 1299 347 1312 ,
392 1177 519 1304 reglllV.
549 1240 623 1304 Post
647 1241 763 1322 aliquot
787 1261 884 1302 annos
912 1240 1072 1324 propinqui
1098 1241 1177 1321 regis
1200 1239 1285 1303 Tatii
1314 1240 1434 1322 legatos

248 1295 257 1376 2
289 1299 326 1404 ΖΗ
355 1361 362 1376 ·
391 1327 585 1392 laurentium
600 1326 731 1408 pulsant.
752 1346 903 1408 quumque
924 1325 1089 1387 laurentes
1108 1325 1178 1406 jure
1199 1327 1335 1406 gentium
1359 1345 1434 1406 uge-

392 1425 470 1490 rent‚
492 1413 574 1496 apud
597 1409 723 1474 Tatium
745 1412 846 1494 gratia
867 1432 989 1473 suorum
1013 1425 1044 1473 et
1066 1431 1171 1494 preces
1194 1412 1261 1493 plus
1281 1423 1434 1495 poterant.

284 1491 290 1506 ’
391 1499 488 1582 Igitur
510 1499 643 1560 illomm'
658 1519 781 1580 poenam
810 1498 841 1559 in
868 1519 900 1560 se
924 1497 1026 1560 vertit.
1046 1503 1117 1558 narn
1136 1495 1264 1574 Lauinii,
1286 1516 1379 1578 quum
1395 1497 1434 1557 ad

390 1584 535 1648 sollemne
560 1584 739 1646 sacrificium
765 1605 803 1645 eo
825 1584 966 1662 venisset,
994 1605 1139 1646 concursu
1165 1583 1258 1660 facto,
1289 1581 1433 1646 interfici-

391 1683 450 1735 tur.
494 1667 571 1732 Eam
596 1691 660 1732 rem
683 1671 781 1732 minus
796 1691 888 1752 aegre,
909 1691 1000 1752 quam
1015 1671 1140 1752 dignum
1154 1681 1229 1746 erut,
1252 1668 1356 1731 tulisse
1371 1667 1434 1731 Ro-

391 1758 506 1820 mulum
529 1756 639 1819 ferunt.
664 1777 716 1818 seu
739 1757 766 1801 ⁹⁷
781 1757 823 1818 ob
845 1754 968 1818 infidam
983 1757 1162 1819 societatem
1177 1756 1271 1837 regni,
1293 1776 1347 1816 seu
1361 1755 1434 1836 qnia

391 1843 473 1906 haud
499 1841 608 1923 injuria
632 1862 742 1905 cresum
763 1843 916 1905 credebat.
960 1840 1067 1926 ltaque
1091 1842 1171 1904 bello
1195 1841 1316 1923 quidem
1337 1841 1432 1902 absti-

390 1930 476 1992 nuit:
510 1939 546 1991 ut
571 1941 674 1991 tamen
700 1931 727 1969 ⁹⁸
742 1929 936 2012 expiarentur
962 1929 1131 2010 legatorum
1157 1925 1270 2010 injuriae
1294 1927 1434 2008 regisque

391 2011 498 2094 caedcs,
520 2014 619 2077 lucdus
644 2016 724 2077 inter
748 2012 879 2076 Romam
906 2013 1122 2096 laviniumque
1145 2016 1233 2076 urbes
1255 2023 1433 2075 'renovatum

391 2113 448 2164 est.
491 2099 533 2164 Et
555 2121 625 2162 cum
647 2101 694 2163 his
720 2100 842 2184 quidem
867 2100 1021 2184 insperata
1039 2121 1101 2185 pax
1119 2113 1210 2163 erat:
1240 2099 1321 2162 aliud
1336 2097 1434 2160 multo

390 2188 522 2271 propius,
538 2202 629 2270 atque
649 2188 681 2248 in
705 2187 777 2270 ipsis
800 2205 894 2270 prope
919 2189 1025 2269 portis,
1050 2187 1164 2250 bellum
1189 2197 1298 2248 ortum.
1342 2182 1434 2246 lide-

391 2285 489 2353 nates‚
510 2274 601 2336 nimis
623 2273 738 2336 vicinas
761 2294 855 2358 prope
876 2295 908 2335 se
929 2274 1136 2336 convalescere
1157 2294 1230 2356 opes
1245 2271 1315 2349 rati,
1336 2269 1432 2353 prius·

391 2381 481 2444 quam
509 2372 628 2422 tuntum
653 2360 769 2440 roboris
799 2373 889 2437 esset,
919 2373 1065 2440 quantum
1094 2359 1227 2422 [uturum
1248 2357 1433 2441 adparebat,

338 2499 339 2502 ,
391 2457 544 2528 occupant
569 2445 679 2505 bellum
704 2443 814 2506 lacere.
834 2443 993 2524 juventute
1014 2454 1133 2505 armata
1148 2445 1284 2523 inmissa,
1299 2453 1433 2506 vastatur

391 2531 455 2613 agri
481 2527 562 2611 quod
588 2529 666 2590 inter
694 2530 799 2590 urbem
829 2548 866 2588 ac
890 2525 1020 2589 Fidenas
1044 2541 1101 2588 est.
1156 2526 1233 2589 lnde
1262 2530 1302 2591 ad
1331 2530 1434 2591 laevam

390 2616 478 2693 versi,
494 2615 565 2697 quia
579 2614 687 2676 dextra
705 2612 825 2676 'liberis
845 2614 979 2692 arcebat,
1002 2635 1072 2675 cum
1097 2634 1209 2696 magna
1233 2615 1435 2697 trepidatione

392 2700 556 2782 agrestium
581 2699 787 2782 populantur:
819 2700 1026 2782 tumultusque
1049 2720 1167 2782 repens,
1188 2722 1227 2762 cx
1244 2702 1325 2783 agris
1337 2702 1369 2760 in
1383 2721 1435 2761 ur·

392 2786 462 2848 bem
492 2786 614 2864 inlatus,
646 2806 702 2868 pro
727 2785 839 2847 nuncio
865 2784 933 2848 fuit.
990 2785 1117 2848 Excitus
1146 2786 1294 2850 Romulus
1322 2784 1437 2868 (neque

394 2872 475 2933 enim
496 2871 674 2934 dilationem
699 2872 765 2955 pati
792 2882 855 2935 tam
876 2871 1009 2935 ricinum
1030 2872 1143 2935 bellum
1167 2872 1301 2959 poterat)
1319 2872 1437 2933 exerci-

394 3100 433 3135 sos
458 3086 544 3135 tribum
571 3086 595 3135 in
612 3086 691 3135 darem
713 3087 787 3135 curias
804 3085 901 3149 ponitus
931 3086 1040 3151 novoque
1056 3085 1094 3134 his
1108 3084 1212 3135 tribubus
1226 3100 1283 3133 non
1304 3082 1377 3131 indita
1394 3100 1438 3134 uo·

395 3162 439 3200 cst.
456 3150 555 3213 Singulis
570 3151 638 3202 curiis
653 3167 693 3199 sus
709 3166 770 3199 saera
788 3152 901 3211 attribuit,
932 3152 1003 3200 mins.
1035 3150 1097 3199 Illud
1114 3151 1205 3215 quidem
1227 3151 1281 3198 setis
1296 3154 1395 3212 em,
1412 3150 1438 3199 iu

396 3215 512 3279 assignaris
526 3217 569 3265 diis
584 3228 609 3265 et
625 3217 742 3276 heroibus,
765 3232 822 3283 gnus
838 3216 899 3265 cole·
932 3216 1085 3265 Ramuenrcm
1122 3215 1207 3263 tribum
1244 3212 1362 3277 conjectos
1388 3230 1438 3275 eos,

395 3294 463 3341 reutr
478 3281 541 3345 lucis,
557 3283 581 3331 iu
593 3296 645 3345 quse
655 3283 820 3341 convenirsnr3
836 3296 899 3329 surn-
933 3283 971 3344 qui
1003 3281 1077 3331 secuti
1115 3280 1240 3330 Romulum
1277 3294 1305 3328 ex
1342 3278 1438 3333 Albanis

396 3347 650 3423 primianumque·
669 3363 683 3395 e
704 3347 900 3411 publicoprseberi
931 3347 1032 3408 fuerunt,
1058 3356 1204 3421 pannusque
1231 3344 1317 3407 :liquot
1344 3344 1436 3393 Grues·

395 3411 470 3473 punit.
488 3412 619 3465 Hirsutum
641 3412 709 3459 curiis
726 3414 819 3473 uomina
836 3411 901 3460 Sabi·
932 3412 976 3460 nici
993 3426 1091 3474 genens,
1110 3411 1149 3475 qui
1179 3422 1232 3458 rnre
1262 3410 1375 3458 conditam
1397 3424 1437 3475 ur·

397 3488 479 3523 nsronr
497 3476 619 3523 mulierum
636 3476 738 3537 imposita
749 3488 833 3537 negant
843 3476 902 3523 Var·
934 3474 989 3523 bern
1000 3492 1029 3524 ee
1037 3476 1088 3523 loca
1099 3476 1244 3524 incolebrnrr
1265 3476 1290 3523 in
1302 3473 1438 3529 litiemem,

397 3552 447 3587 roa
502 3538 601 3588 Dioni.
614 3538 901 3589 11.ete1ut.n1r0mulo.
934 3540 1044 3586 Sabinos:
1077 3539 1101 3587 in
1142 3540 1304 3598 laureum,
1337 3542 1437 3588 'r'drenrs

468 3600 613 3651 mmmm.
631 3636 637 3650 .
657 3602 795 3653 tuem.
812 3639 819 3654 .
837 3604 901 3652 ,ιν
933 3618 1022 3659 omncs,
1035 3603 1082 3651 rire
1098 3619 1138 3651 eos
1158 3604 1197 3665 qui
1219 3602 1242 3651 iu
1264 3605 1341 3653 lururn
1357 3604 1437 3661 cunfu-

399 3664 484 3732 cerum]
500 3666 603 3727 Fpenrnt
620 3665 670 3715 hsce
691 3666 791 3717 tribuum
802 3669 902 3725 aomina,
932 3678 1021 3729 gerant,
1040 3666 1088 3715 'rive
1110 3666 1244 3717 adultioris
1262 3668 1350 3733 pupulis
1364 3670 1389 3717 iu
1403 3668 1436 3716 ci·

400 3730 503 3793 cquibus
513 3728 639 3795 desumpta
649 3743 704 3780 sunt
723 3734 827 3797 equitum
847 3748 901 3781 cen·
933 3733 1027 3779 ritatem
1046 3732 1141 3781 adscitos
1166 3744 1227 3791 tutu,
1249 3746 1289 3782 rut
1305 3728 1344 3797 gui
1359 3746 1437 3798 postea

400 3797 467 3847 turice
477 3796 580 3845 tribubus
588 3800 589 3803 ’
598 3796 650 3861 ipsis
661 3800 815 3859 cognomines.
849 3796 902 3844 lloc
934 3795 1013 3845 aderiti
1022 3793 1096 3844 lucre.

400 3872 514 3915 restatur
535 3873 559 3911 ct
577 3860 638 3914 Plur.
658 3860 903 3923 intromittantur
965 3862 1060 3910 W‘Ob
1082 3860 1184 3925 'brfidm
1211 3862 1333 3911 ωοὶιιιιιιιιι
1357 3855 1435 3928 ret]

402 3927 487 3985 Urius,
503 3927 542 3991 qui
560 3941 586 3978 x.
609 3930 633 3977 6.
652 3926 761 3983 llamuer,
780 3924 1089 3985 incrementantur
1109 3927 1190 3975 inbdus
1208 3928 1271 3989 regui
1292 3928 1366 3977 socius
1381 3878 1437 3975 ide·

402 3992 503 4042 Luceres
511 3994 612 4055 cutim
628 3990 813 4053 tribuesppellar.
845 3990 902 4037 Por·
933 4003 977 4038 ιιι.
1009 3992 1090 4054 ltaque
1100 3988 1162 4057 quod
1171 4006 1239 4055 cupra
1248 3992 1332 4041 dicitur
1352 4005 1439 4040 conum

402 4056 573 4121 roDionysiur,
590 4069 614 4105 et
630 4071 697 4120 supra
713 4054 820 4111 diximus
836 4054 902 4103 initio
933 4055 1017 4105 duobus
1035 4058 1123 4121 regibus
1142 4072 1235 4122 rogum
1260 4058 1339 4115 foisse,
1363 4058 1387 4103 id
1409 4070 1440 4103 eo

392 4119 478 4168 «naum
493 4123 521 4170 ab
537 4121 637 4173 Romulo
662 4121 759 4169 divinam
785 4119 812 4167 irs
831 4120 904 4168 tribus
925 4125 1004 4169 'sensu
1024 4121 1197 4182 intelligendum
1222 4132 1265 4178 est,
1290 4134 1316 4169 ιιι
1332 4135 1368 4168 rer
1383 4112 1438 4183 pul·

403 4182 511 4245 populum
532 4188 618 4235 tradit:
634 4198 778 4250 qmstamen
788 4186 832 4233 hor
844 4196 903 4239 tern-
925 4186 980 4233 'lam
1003 4185 1033 4234 cd
1054 4196 1156 4250 apertam
1175 4188 1307 4246 discordiam
1328 4198 1437 4250 prorupe-

403 4262 457 4309 pore
473 4246 587 4298 ῐιιιίιιιιι
611 4253 681 4303 suine
710 4248 839 4304 Turnum
864 4266 903 4314 ap
935 4250 1053 4310 nonlicet
1076 4250 1171 4311 occultu
1186 4253 1303 4300 nument
1319 4243 1381 4311 inter
1395 4262 1438 4297 scr

401 4310 494 4375 pallatio
518 4313 611 4375 probare
636 4318 738 4367 videtur.
781 4315 832 4369 Sed¹
854 4314 904 4364 hac
932 4316 1078 4378 mpicicnes
1280 4316 1283 4320 ’
1383 4370 1387 4377 ,

387 4374 638 4440 ,.ῐοῦῑὲῑοῠ(ἶῧίιειιι,
660 4380 788 4441 adituris,
803 4380 927 4443 duplica·¹
953 4381 990 4439 ,⁹⁸.
1004 4380 1166 4447 Εψιιιγσιιιιν]
1193 4378 1324 4443 Erpiatious
1357 4370 1437 4426 cirillr

401 4451 427 4489 ιο
442 4455 483 4503 per
503 4439 645 4493 Satirarum
660 4445 811 4510 adjectionem
833 4462 904 4509 popu·
934 4444 952 4493 ἰ.
973 4461 996 4500 ι.,
1011 4457 1038 4501 ιιι
1054 4445 1170 4494 nrisfierer
1186 4456 1211 4495 οι
1227 4444 1394 4513 ιιμιιιιιὶῑιιιι,1
1412 4456 1438 4508 cr

399 4503 433 4568 lo,
451 4519 532 4553 uorum
554 4504 681 4556 institutum
702 4510 905 4571 mantuanam,
934 4503 1051 4560 Romanis.
1067 4512 1253 4560 Gsonuvtut·
1363 4536 1366 4539 ⁴
