3175 5200
414 328 420 338 ’
459 360 536 423 um.
555 359 610 426 m
640 358 723 431 oue.
741 356 915 434 xxxvut
1153 368 1208 435 m

172 520 252 590 eudo
278 519 318 585 sd
338 518 510 587 libertatem
534 522 562 564 ⁸⁰
577 520 610 585 in
628 520 802 587 servitutem
826 515 960 604 elspscs¹
979 514 1086 619 juram
1107 516 1208 602 nobs:
1223 527 1367 584 meaos·

170 608 323 677 cumulare
349 628 468 695 quoquae
495 604 629 693 injurias,
664 620 699 675 ut
734 607 823 672 taedio
850 616 1041 693 presentium
1071 604 1209 674 consules
1222 596 1361 656 ΗΜ

169 696 230 761 dum
244 696 368 759 modern
383 707 416 759 et
428 705 526 759 status
541 695 685 778 pristinus
706 714 805 759 rerum
828 694 860 762 iu
878 692 1059 760 desiderium
1073 694 1207 760 ueniant.

170 782 241 851 Jam
264 795 296 845 et
316 793 503 867 processerat
526 804 596 867 pars
618 779 716 865 major
737 780 820 861 anni,
842 791 873 844 et
895 779 961 844 dua
981 780 1090 845 tabida
1107 780 1209 865 legum
1222 784 1361 837 onuba·

171 870 326 955 adprioris
346 871 417 937 anui
439 870 545 935 &cem
565 869 684 937 tabulas
699 880 786 931 erant
802 866 951 951 adjecta:
973 887 1031 929 nec
1046 852 1371 969 quddqumni'fw

111 1024 115 1031 ,
174 955 234 1019 'am
249 969 413 1043 supererat,
433 958 458 1020 si
485 956 531 1021 ba
556 976 676 1041 quoque
702 954 784 1037 leges
806 954 983 1025 ceumaiatis
996 954 1127 1018 comitiis
1141 976 1210 1037 per·
1248 955 1255 971 ⁸

168 978 241 1107 iata
255 1056 365 1123 essent,
387 1064 441 1107 cur
467 1065 504 1107 eo
526 1043 705 1125 magistratu
731 1040 902 1125 reipublicae
917 1061 994 1128 opus
1008 1051 1097 1106 esset.
1112 1042 1136 1081 ⁸¹
1148 1038 1211 1108 Εκ-
1254 1106 1259 1115 ,

171 1132 361 1213 spectabant,
376 1152 467 1214 quam
481 1152 554 1193 mox
570 1129 741 1197 consulibus
762 1128 900 1193 creandis
922 1126 1211 1194 comitiaediceren-
1248 1190 1253 1199 ,

170 1228 229 1281 tur.
273 1216 311 1281 ld
335 1218 429 1283 modo
449 1218 552 1301 plebes
576 1216 723 1299 agitabat,
748 1235 881 1301 quonam
901 1213 995 1281 modo
1018 1214 1212 1281 tribuniciam

171 1316 367 1391 potestatem,
392 1305 614 1370 munimentum
630 1303 773 1381 libertati,
797 1322 862 1368 rem
887 1301 1101 1381 intermissam,
1122 1322 1211 1386 repa

172 1403 284 1461 tarent.
337 1390 438 1469 Quum
471 1390 592 1455 interim
616 1389 731 1457 mentio
757 1388 951 1459 comitiorum
976 1388 1060 1451 nulla
1084 1386 1160 1469 fieri,
1181 1400 1212 1457 et

174 1476 370 1557 decemviru,
390 1476 441 1561 qui
457 1478 555 1560 primo
569 1476 745 1541 tribunicios
760 1475 911 1555 homines,
929 1473 1001 1559 quia
1018 1474 1050 1537 id
1068 1476 1214 1559 populare

172 1564 350 1643 habebatur,
373 1564 486 1630 circum
508 1585 540 1627 se
567 1574 794 1631 ostentaverant
818 1562 917 1647 plebei
926 1561 946 1641 ¹,
969 1562 1104 1649 patriciis
1123 1560 1211 1644 jure-

171 1652 259 1717 nibus
288 1662 442 1735 sepserant
467 1652 572 1717 latera.
602 1671 706 1719 eorum
737 1660 866 1717 caterva
894 1647 1057 1717 tribunalia
1081 1648 1212 1719 obsede-
1304 1673 1307 1677 ·

172 1749 251 1804 rant.
294 1736 337 1803 Hi
368 1740 394 1781 ⁸²
411 1737 497 1815 ferre,
526 1758 615 1821 agere
643 1738 762 1820 plebem
796 1735 951 1821 plebisque
980 1756 1028 1801 res
1040 1758 1050 1817 p
1081 1737 1107 1779 ⁸⁸
1120 1757 1213 1821 quum

173 1823 296 1889 fortuna
304 1835 337 1905 ¹¹¹,
352 1845 412 1907 qua
426 1825 571 1909 quidquid
588 1826 723 1910 cupimm
739 1822 854 1903 fosete,
869 1823 1048 1909 potentioris
1064 1838 1152 1889 esset.
1172 1822 1214 1889 Fut

165 1906 232 1993 jam
255 1932 294 1975 ne
316 1924 403 1995 tergo
426 1912 547 1995 quidem
571 1912 802 1989 abstinebaturr
824 1910 915 1992 virgis
936 1908 1021 1989 aedi,
1043 1910 1095 1973 alii
1116 1910 1213 1979 secun

169 1996 297 2081 subjici;
321 1992 364 2075 e't,
393 2020 433 2063 na
458 2000 593 2081 gratuita
615 1998 776 2065 crudelitas
799 2008 890 2077 esset,
911 1997 1061 2067 mnarum
1087 1994 1214 2063 donatio

51 2166 54 2172 y
169 2086 254 2167 sequi
278 2085 393 2149 domini
424 2086 616 2169 supplicium.
668 2084 737 2151 Hac
766 2084 906 2150 mercede
931 2081 1075 2169 juventus
1103 2083 1213 2153 nobilis

170 2184 314 2273 comupta
335 2194 397 2237 non
419 2174 513 2241 modo
535 2194 597 2237 non
620 2173 663 2236 ire
683 2172 804 2273 obviam
826 2169 951 2272 injuria,
975 2171 1031 2239 sed
1055 2170 1213 2257 propalam

170 2256 1123 2429 ¹¹“mauritaniarum'tertuum
1228 2345 1355 2397 tea

167 2432 357 2513 gistratibus‚
373 2433 482 2515 privati
497 2456 553 2519 pro
569 2434 755 2512 decemviris,
771 2452 869 2514 neque
884 2431 993 2497 animia
1017 2434 1044 2471 ⁶⁴
1056 2431 1096 2494 ad
1116 2432 1213 2532 impe·
1225 2410 1365 2527 ssgccmffl·

168 2520 247 2586 rium
269 2519 491 2586 inhibendum⁰
514 2520 680 2602 inminutis,
710 2540 810 2602 raeque
832 2522 859 2559 ⁶⁵
873 2518 913 2579 ad
935 2516 1068 2607 speciem
1092 2517 1355 2591 bonorumm

167 2606 348 2692 insignibus,
386 2607 547 2692 prodeunt.
582 2608 613 2670 id
639 2628 710 2672 vero
738 2626 864 2688 regnum
892 2605 975 2669 baud
997 2604 1087 2668 dubie
1108 2604 1213 2673 videri.
1225 2624 1269 2658 ¹²¹¹·
1277 2608 1325 2660 1¹¹·

168 2691 355 2778 Deploratur
388 2695 420 2756 in
454 2705 633 2778 perpetuum
664 2694 792 2757 libertas·
799 2716 809 2770 3
838 2713 896 2754 nec
921 2691 1034 2757 vindex
1055 2691 1213 2776 quisquam
1275 2759 1279 2767 ,

167 2781 299 2858 exsistit,
312 2792 364 2845 aut
380 2780 497 2845 futurus
514 2781 642 2846 videtur.
657 2801 714 2844 nec
726 2780 783 2864 ipsi
795 2779 894 2842 solam
905 2778 1133 2864 desponderant
1148 2779 1213 2845 ani-

169 2889 250 2946 mos,
263 2867 318 2932 sed
333 2869 489 2933 contemni
511 2869 604 2952 coepti
620 2877 707 2930 erant
722 2888 742 2929 a
754 2866 889 2932 finitimis
904 2865 1042 2952 populis:
1060 2866 1214 2951 ⁶·imperi·

169 2975 281 3038 umque
296 2954 337 3018 ibi
354 2971 430 3034 esse,
442 2955 493 3016 ubi
505 2975 567 3018 non
579 2966 660 3018 esset
675 2955 808 3034 libertas,
819 2954 1064 3035 indignabantur.
1108 2949 1213 3016 Sabini
1226 2963 1305 3012 smmi

171 3061 284 3122 magna
297 3062 389 3104 manu
409 3042 610 3108 incursionem
632 3043 664 3102 in
687 3062 793 3123 agrum
817 3039 990 3107 Romanum
1010 3041 1116 3106 iecere.
1135 3039 1212 3107 late-
1225 3044 1304 3142 ᾗ·

172 3146 231 3208 que
245 3127 392 3210 populati,
418 3147 510 3208 quum
535 3127 694 3190 hominum
714 3138 806 3208 atque
825 3128 974 3210 pecudum
990 3126 1076 3190 inulti
1097 3125 1213 3210 predas
1224 3105 1346 3212 mm

174 3212 317 3292 egissent,
343 3224 466 3295 recepto
494 3213 532 3273 ad
563 3212 700 3288 Eretum,
730 3210 814 3292 quod
840 3213 952 3292 passim
973 3222 1116 3293 vagatum
1138 3224 1214 3290 erat,

175 3298 307 3378 agmine,
322 3309 422 3360 castra
436 3297 551 3374 locant,
569 3317 654 3379 spem
674 3297 706 3380 in
725 3296 877 3358 discordia
894 3296 1036 3363 Romana
1056 3308 1216 3379 ponentes,

174 3405 244 3448 eam
267 3383 507 3466 inpedimentum
534 3383 666 3446 delectui
689 3381 763 3444 fore.
806 3379 878 3444 Non
903 3383 1007 3446 nuncii
1032 3383 1141 3463 smum,
1162 3385 1218 3450 sed

176 3493 231 3554 per
253 3471 356 3532 urbem
383 3471 546 3552 agrestium
570 3469 644 3551 luga
666 3468 901 3552 trepidationem
927 3468 1042 3554 injecit.
1085 3470 1217 3535 Decem·

219 3617 379 3682 llumerev.
443 3616 711 3684 lauflafieamdsseno.
728 3616 876 3678 MSNeieb.
941 3617 1177 3680 'maturauerat

201 3683 503 3750 'rencmjbrtasmllup
567 3683 820 3750 “suamtltlblleirb
885 3685 1204 3740 “immansueta

207 3799 231 3838 ω
249 3801 278 3852 la
302 3805 426 3857 nnsituten
444 3802 520 3866 lupas]
551 3800 589 3852 Sit
613 3801 684 3852 edidit
715 3799 998 3877 quamam
1014 3801 1221 3866 *satanaeque

177 3869 325 3933 Csmpraur:
355 3870 437 3920 meliro
459 3883 537 3932 quam,
559 3877 587 3919 ut
609 3867 685 3929 vulgo,
715 3868 1190 3968 wwfflfflmm'

174 3935 263 4034 'hm
277 3973 435 4062 Ermeclabaut
445 4013 511 4061 paon
520 3996 579 4061 mor]
599 3995 684 4060 Propo-
716 3931 1126 4073 eenaussfflssumidi
1140 3933 1221 4054 bix

178 4065 357 4117 &misturam
368 4062 686 4116 med-bantus....Dicere·
713 4064 909 4128 quicelmum,
941 4062 980 4112 Sue
997 4061 1071 4113 aalma
1093 4064 1222 4127 wicque

180 4145 230 4184 urus
236 4131 550 4192 uultibuaaamnrqau
558 4128 685 4179 tamar.
717 4130 832 4178 inhibendo
842 4131 868 4179 la
875 4127 1085 4192 flammescatis
1097 4131 1181 4184 asinis
1195 4140 1220 4181 st

209 4193 233 4230 θ’
249 4199 263 4228 “
276 4197 353 4258 Fam,
374 4196 449 4260 agera]
482 4195 599 4258 Duipsrs.
633 4193 684 4245 Vid.
716 4194 869 4257 diuiuaepiua

180 4261 459 4314 maenianum.
747 4257 1220 4324 wermudam«-

211 4323 233 4363 θ’
251 4325 326 4380 Quum
337 4327 446 4392 sannae,
465 4323 523 4390 pso]
542 4325 617 4378 aaa
635 4339 686 4380 eor·
716 4323 876 4380 isauricum

182 4457 505 4512 ..utu
552 4403 686 4512 aaut
716 4387 1220 4521 ...summamus

182 4521 546 4594 amministrabunt
570 4523 688 4589 Hiscere,
716 4521 785 4582 ilius·
