3175 5200
369 342 425 419 ias
776 348 979 417 mmm
1076 378 1082 388 ·

200 510 233 561 U·
243 508 274 561 ⁰·
283 510 339 561 Ἀθ·
367 515 378 548 ‘
392 513 523 579 Romani
539 512 672 599 iujurias,
681 512 842 595 cladesque
853 513 953 595 gentis
966 509 1156 593 Volscorum,
1169 524 1205 579 ut
1219 512 1344 596 omnia:
1359 517 1406 581 in·

199 578 231 627 Δ·
242 577 270 627 ⁰·
280 578 336 628 ⁴⁸⁹⁶
368 604 444 686 quit,
459 604 469 637 ‘
484 600 702 666 obliviscamini
716 599 786 678 alia,
809 600 986 674 hodiernam
998 601 1088 670 ,hanc
1110 603 1326 667 contumeliam
1346 625 1408 686 qno

366 691 377 724 ‘
392 690 516 755 tandem
532 690 633 751 animo
648 686 742 765 fertis,
760 690 784 726 ¹⁶
797 696 880 768 qua²
893 708 947 771 per
960 700 1096 751 nostram
1111 690 1310 771 ignominiam
1321 692 1408 757 ludos

365 780 377 813 ‘
391 775 589 842 commisere?
613 773 662 835 An
677 794 739 839 non
753 774 899 854 sensistis,
920 774 1141 857 triumphatum
1156 776 1249 839 hodie
1269 778 1307 840 de
1320 779 1407 842 vobis

363 866 374 899 ‘
390 864 475 929 esse?
499 883 551 924 vos
567 860 717 940 omnibus,
734 860 858 961 ciuibus,
872 862 1047 944 peregrinis,
1060 874 1111 961 tot
1124 862 1262 926 finitimis
1276 866 1406 947 populis,

363 947 1407 1119 1ttdltttlttlltlll‘ttlltt‘tltttll‘t‘

364 1124 375 1157 ‘
390 1142 458 1185 cern
473 1120 641 1205 praconisi
665 1122 749 1203 quid,
760 1122 812 1202 qui
823 1142 876 1183 vos
886 1120 988 1184 videre
999 1121 1166 1184 abeuntes?
1189 1124 1262 1206 quid
1275 1146 1338 1204 eos,
1353 1127 1406 1207 qui

362 1208 458 1271 ‘huic
480 1204 681 1291 ignominioso
703 1208 817 1290 agmini
842 1208 924 1270 luere
948 1208 1041 1286 obvii,
1061 1209 1249 1271 existimasse
1269 1214 1404 1294 putatis?

362 1297 373 1330 ‘
389 1294 446 1358 nisi
461 1294 582 1377 aliquod
596 1294 732 1377 prolecto
748 1294 833 1357 nefas
847 1315 923 1372 esse,
947 1314 1018 1375 quo,
1041 1295 1067 1355 si
1091 1295 1262 1359 intersimus
1282 1310 1405 1381 ,specta-

365 1383 470 1459 ‘culo,
484 1382 622 1445 violaturi
647 1383 738 1445 simus
761 1382 859 1460 ludos,
884 1383 910 1420 ¹⁰
924 1381 1137 1463 piaculumque
1161 1384 1315 1447 merituri:
1338 1386 1408 1448 ideo

367 1473 377 1503 ‘
391 1491 447 1532 nos
462 1470 500 1531 ab
515 1468 586 1531 sede
600 1469 730 1551 piorum,
744 1482 837 1547 coetn,
851 1468 1041 1552 concilioque
1056 1469 1149 1551 abigi.
1181 1469 1263 1541 Quid
1275 1470 1407 1550 deinde?

369 1558 379 1589 ‘
395 1556 468 1619 illud
483 1576 544 1619 non
559 1557 715 1636 succurrit,
728 1556 826 1618 vivere
840 1576 906 1635 nos,
918 1556 998 1639 quod
1010 1556 1225 1623 maturarimus
1238 1557 1407 1639 proficisci?

370 1644 380 1679 ‘
395 1643 421 1705 si
436 1643 494 1705 hoc
505 1642 517 1681 ἲ
528 1641 686 1726 profectio,
701 1656 733 1707 et
747 1664 809 1706 non
823 1642 898 1725 fuga
911 1654 968 1706 est.
1010 1639 1052 1704 Et
1065 1642 1146 1705 hanc
1157 1644 1263 1705 urbem
1277 1664 1330 1707 vos
1346 1666 1406 1709 non

370 1732 380 1765 ‘
395 1730 526 1793 hostium
541 1729 662 1807 ducitis,
684 1730 746 1809 ubi,
768 1730 793 1792 si
811 1750 904 1791 unum
919 1728 1000 1791 diem
1020 1731 1130 1793 morati
1144 1730 1260 1809 essetis,
1275 1731 1407 1796 morien·

370 1817 467 1880 ‘dum
480 1817 620 1879 omnibus
634 1815 713 1879 fuiti
744 1814 863 1879 Bellum
878 1817 961 1879 vobis
976 1816 1124 1879 indictum
1133 1829 1185 1883 ,est
1193 1839 1204 1894 3
1227 1829 1340 1899 magno
1353 1840 1409 1881 eo·

371 1904 381 1937 ‘
396 1924 462 1967 rum
473 1904 566 1982 malo,
580 1904 630 1986 qui
649 1902 794 1982 indixere,
809 1904 835 1965 si
849 1903 904 1966 viri
919 1901 1011 1966 estis.'
1040 1901 1091 1966 lta
1109 1916 1141 1966 et
1156 1924 1211 1965 sua
1223 1915 1332 1988 sponte
1348 1905 1408 1966 ira·

370 2013 436 2055 rum
446 1990 539 2075 pleni,
548 2002 579 2053 et
591 1990 721 2070 incitati,
732 1990 839 2054 domos
849 1990 919 2053 inde
931 1990 1056 2072 digressi
1066 2003 1156 2067 sunt3
1175 1990 1407 2073 instigandoque

371 2099 440 2227 supa
473 2078 598 2161 quisque
630 2078 758 2161 populos
791 2077 927 2156 effecere,
956 2089 991 2140 ut
1012 2096 1103 2141 omne
1128 2076 1271 2140 Volscum
1294 2099 1406 2141 nomen

370 2166 409 2229 de
429 2176 523 2232 seret.

205 2259 284 2309 vdsei
293 2259 348 2309 det·
412 2250 562 2317 XXXIX.
584 2250 784 2336 Imperatores
800 2251 839 2313 ad
853 2250 886 2312 id
899 2251 1012 2314 bellurn
1026 2251 1065 2316 de
1082 2251 1218 2314 omniurn
1231 2252 1410 2335 populorum

204 2326 349 2443 {inrupturi-
371 2341 521 2403 sententia
543 2339 614 2402 lecti
633 2339 735 2402 Attius
749 2338 855 2402 Tullus
878 2348 911 2399 et
927 2336 962 2400 C.
982 2334 1118 2400 Marcius
1145 2338 1229 2402 exsul
1245 2338 1410 2426 Romanus,

204 2404 348 2507 &022⁰ss
371 2428 402 2490 in
417 2448 478 2508 quo
492 2426 647 2507 aliquanto
669 2426 735 2507 plus
757 2426 821 2508 spei
843 2427 1020 2508 repositum.
1063 2424 1163 2496 Quam
1188 2446 1274 2509 spem
1297 2447 1410 2508 nequa-

205 2520 302 2571 }lsrcio.
370 2532 462 2594 quam
476 2511 602 2574 fefellit:
633 2522 668 2573 ut
681 2511 769 2573 facile
784 2512 954 2593 adpareret,
973 2511 1099 2574 ducibus
1113 2512 1299 2592 validiorem,
1319 2534 1409 2596 quam

370 2598 514 2678 exercitu,
535 2620 600 2661 rem
623 2596 794 2662 Romanam
820 2619 894 2660 esse.
938 2597 1071 2662 Circeios
1095 2598 1259 2684 profectus,
1280 2601 1411 2684 primum

370 2687 493 2749 colonos
517 2684 588 2748 inde
609 2683 766 2748 Romanos
787 2686 914 2768 expulit,
934 2686 1118 2768 liberamque
1131 2707 1198 2750 eam
1212 2688 1317 2750 urbem
1333 2685 1408 2749 Vol·

368 2773 426 2836 'scis
440 2772 576 2848 tradidit.
620 2769 704 2850 lude,
719 2776 743 2812 ¹⁹
761 2773 791 2834 in
803 2770 944 2836 latinam
957 2773 1036 2836 viam
1048 2773 1222 2836 transversis
1236 2774 1407 2837 tramitibus

369 2873 583 2941 transgressus,
629 2857 794 2938 Satricum,
831 2857 1013 2940 Longulam,
1049 2858 1216 2939 Poluscam,
1261 2859 1408 2940 Coriolos,

369 2950 397 2986 ²⁰
418 2947 564 3009 novella!
587 2946 650 3008 haec
673 2943 820 3009 Romanis
846 2945 959 3029 oppida
979 2947 1103 3011 ademit.
1154 2945 1229 3010 lnde
1251 2945 1408 3010 lavinium

370 3033 525 3118 recepit¹=
548 3045 621 3096 tunc
636 3032 777 3116 deinceps
792 3031 986 3111 Corbionem,
1000 3031 1167 3113 Vitelliam,
1180 3033 1335 3113 lienium,
1349 3032 1409 3096 lra-

368 3121 462 3199 vicos,
483 3118 595 3184 Pedum
619 3121 711 3204 cepit.
756 3119 945 3183 Postremum
969 3121 1009 3183 ad
1031 3122 1136 3184 urbem
1161 3142 1181 3184 a
1206 3120 1287 3184 Pedo
1301 3121 1409 3200 ducit3

368 3220 410 3287 et,
433 3206 472 3272 ad
494 3207 589 3272 fossas
611 3207 734 3272 Cluilias
755 3207 888 3291 quinque
908 3207 947 3269 ab
966 3207 1040 3272 urbe
1062 3207 1158 3272 millia
1178 3229 1322 3293 passuum
1342 3229 1410 3272 cas-

383 3397 673 3464 ‘puiQromCreullup
717 3396 944 3450 ‘taemcrm
987 3398 1233 3464 rNoustlm-mrpn
1243 3399 1395 3451 Mavors.

367 3535 432 3595 legit,
452 3538 518 3585 unica
540 3537 628 3587 sublata
646 3507 724 3588 litters
735 3529 755 3588 ξ’
770 3538 876 3591 Oratim
908 3530 1014 3591 Gustum
1028 3541 1078 3592 hac
1096 3543 1186 3608 oppida,
1203 3557 1300 3605 quorum
1316 3539 1410 3588 nomine

367 3615 452 3648 eunrnu
470 3609 548 3650 ortem
567 3603 643 3664 populi
661 3601 755 3652 lbmnrri
770 3607 875 3668 injurios,
906 3619 1042 3670 sequuntur,
1069 3608 1126 3657 citra
1147 3606 1249 3656 latinam
1276 3606 1336 3654 viam
1356 3617 1411 3652 sunt

366 3666 478 3729 cladeque
485 3669 557 3731 gentis
574 3666 702 3719 Volscorum.
736 3669 806 3720 Quod
820 3687 875 3720 nne
907 3671 1002 3722 Circeiis
1018 3673 1175 3737 madriacensi.
1198 3673 1348 3735 ,ltaqueuon
1357 3671 1412 3718 artis

369 3731 632 3860 mlliffi‘illls..
650 3799 752 3863 seur..
797 3801 874 3850 ..a
906 3735 1413 3865 llii'fflmsss‘fflffii

368 3877 414 3942 non
432 3865 544 3945 nominati
561 3867 665 3928 fuerunt,
682 3867 736 3916 ratis
752 3817 830 3915 inissa
846 3883 874 3915 ex
906 3869 1180 3968 urlrgscepissedecstur.
1237 3837 1247 3867 ’
1273 3820 1291 3867 q
1339 3933 1345 3946 ι

367 3942 875 4076 nrrrrrrrrrnuss‘ru:
906 3932 1410 4076 mutuaturum

367 4060 816 4190 “llssltttttttlttlt
823 4060 876 4173 il.
906 4065 1414 4195 Ziffifflfflffi

368 4185 427 4235 ludit
437 4189 465 4236 ad
476 4191 626 4256 triumphum,
637 4191 662 4241 in
673 4207 719 4254 quo
729 4191 810 4256 captivi
827 4204 875 4240 trs-
907 4195 1020 4256 nonellors,
1033 4210 1082 4245 uon
1096 4213 1152 4246 verra
1169 4197 1269 4260 suspicio
1283 4197 1371 4245 aanor
1389 4195 1414 4242 in

369 4250 511 4330 dpecbautur
537 4257 561 4305 lu
582 4259 654 4308 oculis
675 4257 752 4322 populi
776 4259 876 4319 uictoris,
905 4260 1326 4338 ropcluterenouuanslicujnrurbir.
1349 4259 1415 4340 Onu·

369 4321 757 4454 erppepppicffldupnerautmn]
774 4389 875 4440 ldcorn·
902 4323 1337 4454 jdliitgffimiiiobiiriiitermmriis
1354 4325 1415 4439 gip:

406 4513 426 4552 l9
438 4511 470 4564 1„

369 4449 471 4509 missuri,
478 4449 582 4568 paphia
591 4453 679 4516 piaculo
690 4456 790 4516 dignum.
905 4457 982 4505 rarius
1002 4473 1044 4522 pro
1067 4459 1165 4510 Tradita
1183 4457 1275 4524 reponit
1316 4457 1420 4520 dein,

524 4515 669 4573 mulum.
682 4551 690 4572 .
701 4555 709 4575 .
721 4521 876 4589 ongum]
905 4521 1106 4580 ratusratus.
