3175 5200
390 376 444 437 na
767 402 774 411 ·
793 360 996 450 ‘UTI-mvl!

222 536 256 587 υ.
267 536 296 587 c.
307 537 363 589 259.
387 526 566 612 quotidiana
579 523 742 589 multitudo
763 521 888 584 licentia
902 540 1040 600 accensa,
1058 519 1155 605 adripi
1169 539 1261 583 unum
1275 521 1425 607 insignem

222 600 357 653 ΜΨ·
388 618 497 681 ducem
518 614 699 679 seditionum
710 607 812 690 jussit.
838 606 904 687 Ille,
930 628 1021 690 quum
1042 607 1231 672 alictoribus
1240 608 1306 692 jam
1322 613 1425 674 trahe-

221 730 224 738 s
388 714 479 782 retur,
503 699 696 785 provocavit:
733 715 789 757 nec
812 695 951 758 cessisset
976 696 1185 777 provocationi
1216 697 1332 775 consul,
1354 699 1427 779 quis

285 854 288 863 ,
387 812 450 854 non
479 789 603 851 dubium
627 793 693 845 erat
711 782 815 864 populi
826 779 986 863 judicium,
1015 781 1074 842 nisi
1095 803 1173 864 aegre
1188 784 1270 847 victe
1289 786 1425 865 pertina-

332 930 334 937 .
392 880 440 940 cia
454 875 542 952 soret,
558 870 685 933 consilio
699 868 797 950 magis
811 880 843 931 et
863 868 1044 931 auctoritate
1058 869 1240 952 principum,
1263 892 1354 953 quam
1368 892 1426 954 po-

389 962 453 1047 puli
474 960 617 1022 clamore.
662 957 689 996 ⁵⁰
702 955 778 1017 adeo
801 966 980 1038 supererant
994 954 1088 1016 animi
1103 956 1142 1017 ad
1155 958 1364 1020 sustinendam
1379 960 1426 1020 in·

387 1048 509 1111 vidium.
552 1042 695 1106 Crescere
709 1042 780 1105 inde
807 1042 920 1105 mulum
942 1042 974 1103 in
997 1040 1072 1119 dics,
1086 1043 1344 1107 nonclamoribus
1359 1066 1427 1107 mo·

388 1136 427 1198 do
439 1132 564 1216 apertis,
585 1130 650 1209 sed,
661 1130 744 1213 quod
766 1128 865 1190 multo
878 1126 1078 1211 perniciosius
1094 1140 1171 1208 erat,
1185 1132 1356 1194 secessione
1370 1153 1425 1194 oc·

388 1220 537 1301 cultisque
561 1217 740 1299 conloquiis.
783 1214 923 1278 Tandem
949 1214 1034 1276 invisi
1049 1214 1141 1296 ⁴plebi
1159 1218 1296 1281 consules
1311 1219 1426 1302 magis·

389 1319 470 1373 tratu
493 1305 618 1385 abeunt,
634 1302 776 1367 Servilius
800 1302 927 1381 neutris,
947 1300 1065 1385 Appius
1095 1295 1234 1365 Patribus
1257 1304 1332 1367 mire
1354 1328 1425 1394 gro·

388 1407 448 1459 tus.

430 1478 580 1544 XXVIII.
602 1478 641 1542 A.
667 1476 821 1560 Virginius
851 1476 922 1539 inde
948 1487 981 1539 et
1002 1472 1042 1538 T.
1069 1472 1213 1539 Vetusius
1235 1478 1425 1541 consulatum

388 1572 504 1634 incunt.
547 1565 628 1629 'l'um
653 1586 724 1628 vero
750 1564 864 1647 plebes,
879 1562 1113 1643 incertaquales
1133 1563 1275 1627 habitura
1289 1566 1426 1629 consules

389 1668 481 1733 esset,
505 1666 603 1717 coetus
628 1664 805 1729 nocturnos,
821 1655 846 1691 ⁵¹
862 1649 949 1733 pars‘
960 1648 1113 1730 Esquiliis,
1130 1672 1199 1733 pars
1214 1652 1247 1712 in
1261 1651 1426 1732 Aventino,

390 1744 512 1821 iacere;
534 1744 612 1804 ὅἠε
629 1740 661 1801 in
685 1738 751 1800 soro
774 1738 890 1800 subitis¹
901 1736 1072 1819 trepidaret
1093 1737 1240 1816 consiliis,
1261 1750 1294 1800 et
1323 1740 1427 1802 omnia

391 1847 505 1896 temere
519 1848 556 1891 ac
571 1826 697 1890 fortuito
722 1838 835 1907 ageret.
862 1822 947 1885 -Fam
972 1842 1037 1886 rem
1057 1824 1194 1885 consules
1208 1824 1278 1903 rati,
1297 1836 1334 1887 ut
1348 1839 1425 1903 erat,

390 1916 602 2003 pemiciosom‚
622 1916 649 1954 ⁵³
665 1911 705 1975 ad
723 1910 828 1975 Patres
844 1906 1002 1973 deferunt:
1025 1908 1079 1971 sed
1109 1910 1242 1974 delatam
1270 1912 1431 1978 comitere

391 2004 496 2067 ordine
517 2023 579 2064 non
601 2001 696 2062 licuit.
719 1998 797 2061 odeo
818 1990 1003 2061 tumultuode
1031 2008 1161 2080 excepta
1193 2012 1241 2060 ort
1281 1998 1426 2061 clamori·

391 2093 446 2154 bus
458 2088 591 2171 undique
605 2098 637 2149 et
652 2084 863 2167 indignatione
885 2081 1020 2161 Petrum,
1043 2084 1079 2160 si,
1091 2085 1174 2165 quod
1198 2085 1325 2168 imperio
1350 2105 1425 2149 con·

392 2178 482 2240 sulani
494 2173 741 2256 “exequendum
765 2169 1026 2248 esset,1invidiam
1048 2168 1112 2252 ejus
1128 2171 1263 2232 consules
1279 2172 1319 2233 od
1338 2192 1425 2233 sena-

391 2276 457 2327 tum
466 2262 636 2345 rejicerent.
659 2257 825 2322 ‘Profecto
842 2256 868 2319 si
894 2267 994 2318 essent
1007 2256 1039 2318 in
1055 2256 1208 2339 republica
1222 2259 1427 2338 magistratus,

391 2351 533 2413 ‘nullum
556 2348 689 2411 futurum
717 2346 810 2407 fuisse
834 2342 950 2421 Rome,
975 2341 1033 2403 nisi
1058 2342 1223 2425 publicum,
1252 2344 1454 2407 concilium..

391 2438 402 2470 ‘
417 2435 506 2497 Nune
531 2435 562 2496 in
585 2433 667 2495 mille
683 2433 782 2493 curius
797 2430 1017 2511 concionesque
1035 2426 1140 2510 (quum
1154 2429 1215 2491 alia
1228 2430 1259 2492 in
1274 2430 1426 2513 Esquiliis,

388 2524 401 2556 ‘
415 2522 476 2585 alia
490 2522 521 2580 in
532 2519 684 2581 Aventino
698 2518 774 2581 fiaut
788 2515 931 2595 concilia)
946 2516 1111 2599 dispersam
1125 2527 1157 2578 et
1172 2516 1351 2599 dissipatam
1362 2538 1427 2579 esse

390 2607 641 2690 ‘rempublicam
677 2602 794 2681 Unum,
813 2602 956 2680 Hercule,
973 2603 1080 2679 virum,
1105 2601 1150 2683 (id
1164 2605 1246 2664 enim
1269 2605 1336 2688 plus
1351 2626 1427 2685 esse,

389 2695 401 2728 ‘
415 2714 507 2776 quam
524 2687 691 2770 consulem)
710 2689 807 2770 qualis
826 2689 887 2772 Ap.
902 2688 1046 2751 Claudius
1061 2689 1168 2769 luerit,
1177 2703 1332 2776 momento
1346 2703 1426 2754 tem-

389 2781 496 2862 ‘poris
521 2779 724 2840 discussurum
748 2775 816 2837 illos
838 2787 935 2837 coetus
965 2773 1076 2838 finisse?
1119 2774 1258 2858 Correpti
1286 2777 1425 2840 consules

390 2887 493 2948 quum,
505 2865 579 2946 quid
588 2885 661 2946 ergo
671 2883 702 2926 se
709 2861 935 2941 facerevellent‚
945 2860 1032 2941 (nihil
1044 2863 1125 2925 enim
1133 2863 1251 2944 segnius
1259 2863 1426 2944 molliusve,

389 2973 482 3036 quum
497 2949 635 3014 Patribus
649 2949 781 3034 placeat,
803 2949 936 3029 aebrros)
959 2962 1235 3032 percunctarentur,
1249 2951 1426 3032 decernunt,

389 3051 425 3102 ut
447 3038 601 3103 delectum
619 3058 721 3120 ,quern
755 3036 934 3098 acerrimum
964 3036 1108 3100 habeant.
1138 3042 1165 3077 ⁸⁵
1189 3037 1254 3100 otio
1291 3037 1427 3100 lascivire

388 3126 520 3209 plebem.
555 3124 689 3187 Dimisso
697 3136 816 3202 senatu,
825 3122 963 3185 consules
978 3122 1010 3184 in
1021 3124 1152 3186 tribuual
1163 3124 1362 3188 adscendunt.
1382 3125 1427 3188 ci·

389 3223 459 3274 tant
473 3212 655 3276 nominatim
662 3209 807 3293 juniores.
830 3209 931 3281 Quum
942 3210 982 3272 sd
993 3231 1105 3273 nomen
1117 3231 1207 3275 nemo
1222 3213 1427 3295 responderet,

389 3300 571 3362 circumfusa
576 3299 739 3361 multitudo
746 3299 777 3359 in
788 3298 943 3361 concionis
953 3297 1078 3360 modum
1083 3319 1203 3380 negare,
1215 3299 1226 3332 ‘
1232 3296 1325 3362 Ultro
1330 3299 1427 3384 decipi

389 3385 400 3418 ‘
414 3385 533 3468 plebem
548 3407 646 3468 posse,
656 3383 830 3467 Numquam
839 3406 933 3447 unum
944 3385 1072 3447 militem
1083 3386 1248 3465 habituros,
1259 3387 1326 3448 ⁶⁸ni
1337 3406 1427 3468 prus·

389 3471 530 3548 ‘teretur
550 3471 624 3534 fides
640 3472 771 3553 publica.
785 3471 958 3536 libertatem
968 3473 1129 3554 unicuique
1144 3473 1226 3556 prius
1242 3473 1427 3536 reddendam

768 3625 780 3700 .‘
788 3629 839 3677 add.
849 3630 875 3678 in
886 3629 960 3678 Groo.
972 3626 1041 3679 Creu.

372 3731 417 3792 'ut
432 3741 462 3791 vr
478 3744 604 3807 quartum
618 3746 728 3811 jugum
756 3761 811 3795 eum
830 3746 897 3795 uae
962 3744 983 3780 ⁵³
999 3746 1039 3794 Aa
1068 3743 1145 3796 rom
1175 3740 1286 3812 mnino]
1325 3745 1429 3794 annu

389 3812 428 3857 tio.
928 3810 999 3860 babet
1007 3811 1121 3877 rgfemrrt:
1140 3815 1199 3876 quod
1218 3813 1261 3859 irae
1273 3810 1428 3864 inresolcu-

421 3872 543 3922 ⁵⁰*Adco
563 3885 687 3938 supererunt
717 3876 797 3940 animi]
829 3876 896 3924 Adeo
926 3891 957 3924 nc
973 3893 999 3926 ac
1017 3879 1133 3941 proprium
1159 3890 1195 3927 est
1222 3877 1328 3926 verbum.
1360 3878 1387 3926 ld
1409 3877 1429 3926 si

388 3939 439 4003 plus
458 3940 528 3989 etiam
550 3941 650 3998 illinire,
668 3958 737 4004 quom
754 3941 810 3988 setis
826 3952 897 3998 esset,
926 3943 1120 3992 admiramine
1140 3945 1201 4004 loco,
1225 3959 1282 4007 opus
1303 3945 1348 3992 crit
1377 3957 1429 3992 mor

389 4008 517 4054 enlmorum
535 4019 587 4056 eret
613 4008 641 4055 ad
663 4005 817 4056 resistendum
838 4007 895 4053 odiu
925 4007 983 4070 legi:
997 4010 1140 4058 rcdrelotam.

388 4071 541 4132 popularibus.
566 4086 568 4090 ’
958 4071 1191 4136 ⁵⁴'Erssquerniuffl
1204 4072 1380 4121 Vindiosudunr.

421 4133 441 4166 ⁵¹
456 4135 511 4182 Pars
541 4138 566 4183 in
594 4133 707 4200 Esquiliis]
737 4134 834 4185 Plurimi
864 4152 894 4185 ex
958 4138 1007 4171 ⁵⁵⁸
1020 4139 1070 4186 Orio
1080 4139 1187 4202 buitim]
1206 4140 1311 4187 luenti·
1332 4155 1360 4187 cx
1380 4139 1429 4187 otio

390 4195 541 4247 Gronovieuis
560 4201 628 4249 MSS.
649 4203 750 4264 quinque
769 4203 896 4260 emoreris,
924 4202 1131 4252 collectaferocirc.

389 4258 880 4330 Andreu‚etCempmusmmittuntsbin.
956 4265 1005 4301 ’θ’
1018 4265 1051 4314 Ni
1078 4277 1218 4331 premamur
1239 4267 1300 4329 fidu
1328 4267 1428 4332 publico]

420 4322 518 4399 ”lm
547 4329 571 4374 in
594 4331 647 4394 jbro
673 4334 748 4380 subitis
777 4334 893 4394 trepidant
923 4333 996 4382 Niid
1017 4335 1076 4394 quod
1108 4335 1152 4380 lide
1173 4333 1265 4396 publico
1292 4334 1428 4397 promissum

388 4387 491 4465 mbo]
505 4387 561 4465 'Nu
571 4397 694 4457 trepidaret
712 4399 798 4454 incerto
815 4399 838 4445 io
854 4397 891 4445 io-
924 4409 982 4458 eret,
991 4411 1016 4448 re
1027 4410 1052 4448 st
1062 4398 1147 4450 effectu
1156 4399 1312 4450 exhiberetur.

388 4465 424 4512 ro,
434 4453 540 4570 siponto
550 4467 574 4503 et
586 4459 609 4508 iu
617 4475 643 4512 re
653 4465 762 4526 presenti
781 4465 892 4529 sepiem

388 4531 442 4569 com
491 4531 577 4574 cuent.
689 4529 694 4540 '
