<?xml version="1.0" encoding="UTF-8"?>
<!DOCTYPE html PUBLIC "-//W3C//DTD XHTML 1.0 Transitional//EN"
    "http://www.w3.org/TR/xhtml1/DTD/xhtml1-transitional.dtd">
<html xmlns="http://www.w3.org/1999/xhtml" xml:lang="en" lang="en">
 <head>
  <title>
</title>
<meta http-equiv="Content-Type" content="text/html;charset=utf-8" />
  <meta name='ocr-system' content='tesseract 3.04.00' />
  <meta name='ocr-capabilities' content='ocr_page ocr_carea ocr_par ocr_line ocrx_word'/>
</head>
<body>
  <div class='ocr_page' id='page_1' title='image "./tliviipatavinih03grongoog_0044.png"; bbox 0 0 3175 5200; ppageno 0'>
   <div class='ocr_carea' id='block_1_1' title="bbox 399 361 1031 426">
    <p class='ocr_par' dir='ltr' id='par_1_1' title="bbox 399 361 1031 426">
     <span class='ocr_line' id='line_1_1' title="bbox 399 361 1031 426; baseline -0.006 0"><span class='ocrx_word' id='word_1_1' title='bbox 399 375 419 426; x_wconf 81' lang='grc'><strong>4</strong></span> <span class='ocrx_word' id='word_1_2' title='bbox 828 361 912 424; x_wconf 79' lang='lat' dir='ltr'>Tm</span> <span class='ocrx_word' id='word_1_3' title='bbox 930 361 1031 424; x_wconf 80' lang='lat' dir='ltr'>LlVll</span> 
     </span>
    </p>
   </div>
   <div class='ocr_carea' id='block_1_2' title="bbox 376 511 1456 2579">
    <p class='ocr_par' dir='ltr' id='par_1_2' title="bbox 376 511 1456 2579">
     <span class='ocr_line' id='line_1_2' title="bbox 402 511 1449 603; baseline -0.006 -19"><span class='ocrx_word' id='word_1_4' title='bbox 402 519 530 584; x_wconf 81' lang='lat' dir='ltr'>valemis</span> <span class='ocrx_word' id='word_1_5' title='bbox 550 517 653 603; x_wconf 87' lang='lat' dir='ltr'>populi</span> <span class='ocrx_word' id='word_1_6' title='bbox 678 519 756 582; x_wconf 87' lang='lat' dir='ltr'>vires</span> <span class='ocrx_word' id='word_1_7' title='bbox 782 539 815 580; x_wconf 88' lang='lat' dir='ltr'>se</span> <span class='ocrx_word' id='word_1_8' title='bbox 841 520 912 602; x_wconf 83' lang='lat' dir='ltr'>ipsae</span> <span class='ocrx_word' id='word_1_9' title='bbox 941 517 1117 582; x_wconf 80' lang='lat' dir='ltr'>conficiunt.</span> <span class='ocrx_word' id='word_1_10' title='bbox 1160 511 1228 598; x_wconf 81' lang='lat' dir='ltr'>Ego</span> <span class='ocrx_word' id='word_1_11' title='bbox 1256 527 1364 578; x_wconf 86' lang='lat' dir='ltr'>contra</span> <span class='ocrx_word' id='word_1_12' title='bbox 1389 514 1449 578; x_wconf 84' lang='lat' dir='ltr'>hoc</span> 
     </span>
     <span class='ocr_line' id='line_1_3' title="bbox 404 601 1450 690; baseline -0.007 -21"><span class='ocrx_word' id='word_1_13' title='bbox 404 627 524 689; x_wconf 92' lang='lat' dir='ltr'>quoque</span> <span class='ocrx_word' id='word_1_14' title='bbox 547 607 658 670; x_wconf 87' lang='lat' dir='ltr'>laboris</span> <span class='ocrx_word' id='word_1_15' title='bbox 680 605 837 690; x_wconf 71' lang='lat' dir='ltr'>premium</span> <span class='ocrx_word' id='word_1_16' title='bbox 859 618 973 688; x_wconf 85' lang='lat' dir='ltr'>petam,</span> <span class='ocrx_word' id='word_1_17' title='bbox 995 617 1030 666; x_wconf 93' lang='lat' dir='ltr'>ut</span> <span class='ocrx_word' id='word_1_18' title='bbox 1043 604 1058 642; x_wconf 80' lang='lat'>&#39;³</span> <span class='ocrx_word' id='word_1_19' title='bbox 1072 624 1123 666; x_wconf 89' lang='lat' dir='ltr'>me</span> <span class='ocrx_word' id='word_1_20' title='bbox 1137 625 1157 666; x_wconf 89' lang='lat' dir='ltr'>a</span> <span class='ocrx_word' id='word_1_21' title='bbox 1170 614 1335 684; x_wconf 86' lang='lat' dir='ltr'>conspectu</span> <span class='ocrx_word' id='word_1_22' title='bbox 1350 601 1450 663; x_wconf 79' lang='lat' dir='ltr'>malo·</span> 
     </span>
     <span class='ocr_line' id='line_1_4' title="bbox 404 689 1451 774; baseline -0.006 -18"><span class='ocrx_word' id='word_1_23' title='bbox 404 713 482 772; x_wconf 89' lang='lat' dir='ltr'>rum,</span> <span class='ocrx_word' id='word_1_24' title='bbox 503 713 570 774; x_wconf 76' lang='lat' dir='ltr'>qum</span> <span class='ocrx_word' id='word_1_25' title='bbox 591 703 697 754; x_wconf 88' lang='lat' dir='ltr'>nostra</span> <span class='ocrx_word' id='word_1_26' title='bbox 718 704 767 754; x_wconf 91' lang='lat' dir='ltr'>tot</span> <span class='ocrx_word' id='word_1_27' title='bbox 787 713 841 774; x_wconf 95' lang='lat' dir='ltr'>per</span> <span class='ocrx_word' id='word_1_28' title='bbox 862 713 959 755; x_wconf 79' lang='lat' dir='ltr'>auitos</span> <span class='ocrx_word' id='word_1_29' title='bbox 980 690 1058 753; x_wconf 81' lang='lat' dir='ltr'>vidit</span> <span class='ocrx_word' id='word_1_30' title='bbox 1078 701 1163 768; x_wconf 81' lang='lat' dir='ltr'>aetss,</span> <span class='ocrx_word' id='word_1_31' title='bbox 1185 689 1344 771; x_wconf 79' lang='lat' dir='ltr'><strong>tantisper,</strong></span> <span class='ocrx_word' id='word_1_32' title='bbox 1366 701 1451 750; x_wconf 86' lang='lat' dir='ltr'>certe</span> 
     </span>
     <span class='ocr_line' id='line_1_5' title="bbox 405 775 1452 863; baseline -0.007 -21"><span class='ocrx_word' id='word_1_33' title='bbox 405 779 479 842; x_wconf 92' lang='lat' dir='ltr'>dum</span> <span class='ocrx_word' id='word_1_34' title='bbox 502 779 602 863; x_wconf 86' lang='lat' dir='ltr'>prisca</span> <span class='ocrx_word' id='word_1_35' title='bbox 624 777 677 838; x_wconf 88' lang='lat' dir='ltr'>ills</span> <span class='ocrx_word' id='word_1_36' title='bbox 696 788 764 840; x_wconf 87' lang='lat' dir='ltr'>tota</span> <span class='ocrx_word' id='word_1_37' title='bbox 778 789 882 840; x_wconf 86' lang='lat' dir='ltr'>mente</span> <span class='ocrx_word' id='word_1_38' title='bbox 897 789 1013 860; x_wconf 80' lang='lat' dir='ltr'>repeto,</span> <span class='ocrx_word' id='word_1_39' title='bbox 1035 787 1181 853; x_wconf 63' lang='lat' dir='ltr'>avenam,</span> <span class='ocrx_word' id='word_1_40' title='bbox 1202 775 1330 838; x_wconf 71' lang='lat' dir='ltr'>⁷omnis</span> <span class='ocrx_word' id='word_1_41' title='bbox 1343 795 1452 858; x_wconf 81' lang='lat' dir='ltr'>expers</span> 
     </span>
     <span class='ocr_line' id='line_1_6' title="bbox 404 859 1452 946; baseline -0.005 -20"><span class='ocrx_word' id='word_1_42' title='bbox 404 885 494 944; x_wconf 85' lang='lat' dir='ltr'>curae,</span> <span class='ocrx_word' id='word_1_43' title='bbox 516 884 582 946; x_wconf 80' lang='lat' dir='ltr'>que</span> <span class='ocrx_word' id='word_1_44' title='bbox 595 863 755 927; x_wconf 76' lang='lat' dir='ltr'>scribentis</span> <span class='ocrx_word' id='word_1_45' title='bbox 769 865 916 941; x_wconf 91' lang='lat' dir='ltr'>animum,</span> <span class='ocrx_word' id='word_1_46' title='bbox 937 864 996 927; x_wconf 86' lang='lat' dir='ltr'>etsi</span> <span class='ocrx_word' id='word_1_47' title='bbox 1019 883 1082 925; x_wconf 86' lang='lat' dir='ltr'>non</span> <span class='ocrx_word' id='word_1_48' title='bbox 1106 862 1226 925; x_wconf 84' lang='lat' dir='ltr'>flectere</span> <span class='ocrx_word' id='word_1_49' title='bbox 1248 883 1268 922; x_wconf 88' lang='lat' dir='ltr'>a</span> <span class='ocrx_word' id='word_1_50' title='bbox 1285 882 1367 938; x_wconf 87' lang='lat' dir='ltr'>vero,</span> <span class='ocrx_word' id='word_1_51' title='bbox 1388 859 1452 921; x_wconf 93' lang='lat' dir='ltr'>sol·</span> 
     </span>
     <span class='ocr_line' id='line_1_7' title="bbox 405 947 1450 1032; baseline -0.003 -21"><span class='ocrx_word' id='word_1_52' title='bbox 405 950 524 1012; x_wconf 86' lang='lat' dir='ltr'>licitum</span> <span class='ocrx_word' id='word_1_53' title='bbox 549 962 654 1012; x_wconf 81' lang='lat' dir='ltr'>tamen</span> <span class='ocrx_word' id='word_1_54' title='bbox 678 950 796 1012; x_wconf 86' lang='lat' dir='ltr'>efficere</span> <span class='ocrx_word' id='word_1_55' title='bbox 818 951 927 1032; x_wconf 89' lang='lat' dir='ltr'>possit.</span> <span class='ocrx_word' id='word_1_56' title='bbox 973 949 1048 1024; x_wconf 74' lang='lat' dir='ltr'>Qun</span> <span class='ocrx_word' id='word_1_57' title='bbox 1067 950 1081 987; x_wconf 80' lang='lat'>⁸</span> <span class='ocrx_word' id='word_1_58' title='bbox 1100 961 1172 1012; x_wconf 87' lang='lat' dir='ltr'>ante</span> <span class='ocrx_word' id='word_1_59' title='bbox 1195 947 1352 1010; x_wconf 79' lang='lat' dir='ltr'>conditam</span> <span class='ocrx_word' id='word_1_60' title='bbox 1375 967 1450 1009; x_wconf 91' lang='lat' dir='ltr'>con-</span> 
     </span>
     <span class='ocr_line' id='line_1_8' title="bbox 404 1033 1451 1118; baseline -0.004 -20"><span class='ocrx_word' id='word_1_61' title='bbox 404 1035 573 1098; x_wconf 81' lang='lat' dir='ltr'>dendamve</span> <span class='ocrx_word' id='word_1_62' title='bbox 595 1035 712 1113; x_wconf 86' lang='lat' dir='ltr'>urbem,</span> <span class='ocrx_word' id='word_1_63' title='bbox 734 1035 863 1118; x_wconf 72' lang='lat' dir='ltr'>poeticis</span> <span class='ocrx_word' id='word_1_64' title='bbox 886 1036 985 1117; x_wconf 88' lang='lat' dir='ltr'>magis</span> <span class='ocrx_word' id='word_1_65' title='bbox 1001 1039 1013 1075; x_wconf 79' lang='lat'><strong>⁹</strong></span> <span class='ocrx_word' id='word_1_66' title='bbox 1029 1035 1141 1098; x_wconf 91' lang='lat' dir='ltr'>decora</span> <span class='ocrx_word' id='word_1_67' title='bbox 1154 1033 1275 1112; x_wconf 85' lang='lat' dir='ltr'>fabulis,</span> <span class='ocrx_word' id='word_1_68' title='bbox 1298 1053 1388 1114; x_wconf 84' lang='lat' dir='ltr'>quam</span> <span class='ocrx_word' id='word_1_69' title='bbox 1403 1033 1451 1094; x_wconf 88' lang='lat' dir='ltr'>in-</span> 
     </span>
     <span class='ocr_line' id='line_1_9' title="bbox 404 1120 1452 1204; baseline -0.004 -20"><span class='ocrx_word' id='word_1_70' title='bbox 404 1121 561 1204; x_wconf 88' lang='lat' dir='ltr'>conruptis</span> <span class='ocrx_word' id='word_1_71' title='bbox 589 1141 689 1182; x_wconf 81' lang='lat' dir='ltr'>renim</span> <span class='ocrx_word' id='word_1_72' title='bbox 714 1133 869 1201; x_wconf 84' lang='lat' dir='ltr'>gestamm</span> <span class='ocrx_word' id='word_1_73' title='bbox 894 1122 1110 1199; x_wconf 77' lang='lat' dir='ltr'>monumentis,</span> <span class='ocrx_word' id='word_1_74' title='bbox 1127 1120 1298 1196; x_wconf 89' lang='lat' dir='ltr'>traduntur,</span> <span class='ocrx_word' id='word_1_75' title='bbox 1332 1141 1370 1181; x_wconf 86' lang='lat' dir='ltr'>ea</span> <span class='ocrx_word' id='word_1_76' title='bbox 1393 1139 1452 1180; x_wconf 88' lang='lat' dir='ltr'>nec</span> 
     </span>
     <span class='ocr_line' id='line_1_10' title="bbox 405 1203 1453 1286; baseline -0.002 -18"><span class='ocrx_word' id='word_1_77' title='bbox 405 1203 575 1284; x_wconf 84' lang='lat' dir='ltr'>adfirmare,</span> <span class='ocrx_word' id='word_1_78' title='bbox 598 1225 655 1266; x_wconf 91' lang='lat' dir='ltr'>nec</span> <span class='ocrx_word' id='word_1_79' title='bbox 680 1205 826 1286; x_wconf 83' lang='lat' dir='ltr'>refellere,</span> <span class='ocrx_word' id='word_1_80' title='bbox 857 1207 889 1268; x_wconf 90' lang='lat' dir='ltr'>in</span> <span class='ocrx_word' id='word_1_81' title='bbox 921 1207 1025 1268; x_wconf 88' lang='lat' dir='ltr'>animo</span> <span class='ocrx_word' id='word_1_82' title='bbox 1050 1219 1108 1269; x_wconf 86' lang='lat' dir='ltr'>est.</span> <span class='ocrx_word' id='word_1_83' title='bbox 1149 1205 1249 1268; x_wconf 89' lang='lat' dir='ltr'>Datur</span> <span class='ocrx_word' id='word_1_84' title='bbox 1278 1205 1341 1266; x_wconf 80' lang='lat' dir='ltr'>haec</span> <span class='ocrx_word' id='word_1_85' title='bbox 1365 1205 1453 1266; x_wconf 86' lang='lat' dir='ltr'>venia</span> 
     </span>
     <span class='ocr_line' id='line_1_11' title="bbox 406 1289 1452 1373; baseline -0.003 -19"><span class='ocrx_word' id='word_1_86' title='bbox 406 1290 594 1373; x_wconf 75' lang='lat' dir='ltr'>antiquitati,</span> <span class='ocrx_word' id='word_1_87' title='bbox 607 1301 653 1368; x_wconf 89' lang='lat' dir='ltr'>ut,</span> <span class='ocrx_word' id='word_1_88' title='bbox 673 1291 831 1352; x_wconf 86' lang='lat' dir='ltr'>miscendo</span> <span class='ocrx_word' id='word_1_89' title='bbox 851 1292 987 1351; x_wconf 82' lang='lat' dir='ltr'>humana</span> <span class='ocrx_word' id='word_1_90' title='bbox 1008 1290 1127 1367; x_wconf 82' lang='lat' dir='ltr'>divinis,</span> <span class='ocrx_word' id='word_1_91' title='bbox 1147 1289 1314 1373; x_wconf 88' lang='lat' dir='ltr'>primordia</span> <span class='ocrx_word' id='word_1_92' title='bbox 1333 1290 1452 1352; x_wconf 89' lang='lat' dir='ltr'>urbium</span> 
     </span>
     <span class='ocr_line' id='line_1_12' title="bbox 405 1373 1453 1460; baseline -0.003 -21"><span class='ocrx_word' id='word_1_93' title='bbox 405 1376 582 1460; x_wconf 84' lang='lat' dir='ltr'>augustiora</span> <span class='ocrx_word' id='word_1_94' title='bbox 605 1375 708 1437; x_wconf 83' lang='lat' dir='ltr'>faciat.</span> <span class='ocrx_word' id='word_1_95' title='bbox 751 1373 805 1453; x_wconf 79' lang='lat' dir='ltr'>Et,</span> <span class='ocrx_word' id='word_1_96' title='bbox 834 1375 860 1436; x_wconf 88' lang='lat' dir='ltr'>si</span> <span class='ocrx_word' id='word_1_97' title='bbox 886 1374 936 1436; x_wconf 86' lang='lat' dir='ltr'>cui</span> <span class='ocrx_word' id='word_1_98' title='bbox 960 1375 1075 1458; x_wconf 92' lang='lat' dir='ltr'>populo</span> <span class='ocrx_word' id='word_1_99' title='bbox 1099 1375 1190 1439; x_wconf 86' lang='lat' dir='ltr'>licere</span> <span class='ocrx_word' id='word_1_100' title='bbox 1214 1387 1346 1459; x_wconf 83' lang='lat' dir='ltr'>oportet,</span> <span class='ocrx_word' id='word_1_101' title='bbox 1378 1396 1453 1437; x_wconf 88' lang='lat' dir='ltr'>con·</span> 
     </span>
     <span class='ocr_line' id='line_1_13' title="bbox 405 1459 1453 1544; baseline -0.004 -18"><span class='ocrx_word' id='word_1_102' title='bbox 405 1481 523 1526; x_wconf 87' lang='lat' dir='ltr'>secrare</span> <span class='ocrx_word' id='word_1_103' title='bbox 549 1460 680 1544; x_wconf 78' lang='lat' dir='ltr'>origines</span> <span class='ocrx_word' id='word_1_104' title='bbox 703 1481 783 1539; x_wconf 88' lang='lat' dir='ltr'>suas,</span> <span class='ocrx_word' id='word_1_105' title='bbox 806 1470 838 1522; x_wconf 90' lang='lat' dir='ltr'>et</span> <span class='ocrx_word' id='word_1_106' title='bbox 861 1459 902 1523; x_wconf 87' lang='lat' dir='ltr'>nd</span> <span class='ocrx_word' id='word_1_107' title='bbox 923 1459 1007 1523; x_wconf 84' lang='lat' dir='ltr'>Deos</span> <span class='ocrx_word' id='word_1_108' title='bbox 1029 1461 1138 1524; x_wconf 80' lang='lat' dir='ltr'>referre</span> <span class='ocrx_word' id='word_1_109' title='bbox 1159 1473 1310 1540; x_wconf 79' lang='lat' dir='ltr'>auctores,</span> <span class='ocrx_word' id='word_1_110' title='bbox 1331 1461 1453 1524; x_wconf 87' lang='lat' dir='ltr'>eabelli</span> 
     </span>
     <span class='ocr_line' id='line_1_14' title="bbox 405 1546 1453 1695; baseline -0.002 -84"><span class='ocrx_word' id='word_1_111' title='bbox 405 1547 505 1630; x_wconf 87' lang='lat' dir='ltr'>gloria</span> <span class='ocrx_word' id='word_1_112' title='bbox 533 1560 580 1610; x_wconf 87' lang='lat' dir='ltr'>cst</span> <span class='ocrx_word' id='word_1_113' title='bbox 605 1548 718 1695; x_wconf 50' lang='lat' dir='ltr'>poppnlo</span> <span class='ocrx_word' id='word_1_114' title='bbox 743 1546 896 1625; x_wconf 86' lang='lat' dir='ltr'>Romano,</span> <span class='ocrx_word' id='word_1_115' title='bbox 917 1558 963 1626; x_wconf 89' lang='lat' dir='ltr'>ut,</span> <span class='ocrx_word' id='word_1_116' title='bbox 985 1568 1077 1630; x_wconf 80' lang='lat' dir='ltr'>qrmm</span> <span class='ocrx_word' id='word_1_117' title='bbox 1107 1569 1194 1610; x_wconf 91' lang='lat' dir='ltr'>suum</span> <span class='ocrx_word' id='word_1_118' title='bbox 1229 1547 1453 1630; x_wconf 85' lang='lat' dir='ltr'>conditorisque</span> 
     </span>
     <span class='ocr_line' id='line_1_15' title="bbox 407 1631 1453 1717; baseline -0.001 -21"><span class='ocrx_word' id='word_1_119' title='bbox 407 1635 454 1696; x_wconf 88' lang='lat' dir='ltr'>eui</span> <span class='ocrx_word' id='word_1_120' title='bbox 469 1643 627 1717; x_wconf 87' lang='lat' dir='ltr'>parentem</span> <span class='ocrx_word' id='word_1_121' title='bbox 699 1644 777 1696; x_wconf 85' lang='lat' dir='ltr'>rtem</span> <span class='ocrx_word' id='word_1_122' title='bbox 792 1633 984 1716; x_wconf 89' lang='lat' dir='ltr'>potissimum</span> <span class='ocrx_word' id='word_1_123' title='bbox 1008 1635 1096 1714; x_wconf 85' lang='lat' dir='ltr'>ferat,</span> <span class='ocrx_word' id='word_1_124' title='bbox 1117 1645 1183 1698; x_wconf 87' lang='lat' dir='ltr'>tam</span> <span class='ocrx_word' id='word_1_125' title='bbox 1206 1645 1240 1696; x_wconf 91' lang='lat' dir='ltr'>et</span> <span class='ocrx_word' id='word_1_126' title='bbox 1262 1631 1322 1695; x_wconf 88' lang='lat' dir='ltr'>hoc</span> <span class='ocrx_word' id='word_1_127' title='bbox 1346 1647 1453 1716; x_wconf 82' lang='lat' dir='ltr'>gentes</span> 
     </span>
     <span class='ocr_line' id='line_1_16' title="bbox 376 1718 1454 1803; baseline 0.002 -21"><span class='ocrx_word' id='word_1_128' title='bbox 376 1735 380 1743; x_wconf 90' lang='lat'>&#39;</span> <span class='ocrx_word' id='word_1_129' title='bbox 407 1719 549 1782; x_wconf 69' lang='lat' dir='ltr'>humente</span> <span class='ocrx_word' id='word_1_130' title='bbox 572 1718 729 1802; x_wconf 89' lang='lat' dir='ltr'>patiantur</span> <span class='ocrx_word' id='word_1_131' title='bbox 753 1739 840 1802; x_wconf 82' lang='lat' dir='ltr'>aequo</span> <span class='ocrx_word' id='word_1_132' title='bbox 863 1720 977 1799; x_wconf 89' lang='lat' dir='ltr'>animo,</span> <span class='ocrx_word' id='word_1_133' title='bbox 999 1740 1091 1802; x_wconf 87' lang='lat' dir='ltr'>quam</span> <span class='ocrx_word' id='word_1_134' title='bbox 1113 1720 1272 1803; x_wconf 90' lang='lat' dir='ltr'>imperium</span> <span class='ocrx_word' id='word_1_135' title='bbox 1285 1721 1454 1802; x_wconf 78' lang='lat' dir='ltr'>patiuntur:</span> 
     </span>
     <span class='ocr_line' id='line_1_17' title="bbox 407 1801 1454 1889; baseline 0.001 -22"><span class='ocrx_word' id='word_1_136' title='bbox 407 1801 471 1867; x_wconf 88' lang='lat' dir='ltr'>Sed</span> <span class='ocrx_word' id='word_1_137' title='bbox 485 1806 549 1868; x_wconf 74' lang='lat' dir='ltr'>baec</span> <span class='ocrx_word' id='word_1_138' title='bbox 564 1805 658 1868; x_wconf 87' lang='lat' dir='ltr'>ethis</span> <span class='ocrx_word' id='word_1_139' title='bbox 673 1806 794 1886; x_wconf 86' lang='lat' dir='ltr'>similia,</span> <span class='ocrx_word' id='word_1_140' title='bbox 818 1809 844 1846; x_wconf 74' lang='lat'>¹·</span> <span class='ocrx_word' id='word_1_141' title='bbox 859 1817 1024 1889; x_wconf 85' lang='lat' dir='ltr'>utcumque</span> <span class='ocrx_word' id='word_1_142' title='bbox 1040 1806 1248 1868; x_wconf 83' lang='lat' dir='ltr'>animadversa</span> <span class='ocrx_word' id='word_1_143' title='bbox 1270 1817 1324 1868; x_wconf 89' lang='lat' dir='ltr'>aut</span> <span class='ocrx_word' id='word_1_144' title='bbox 1346 1807 1454 1868; x_wconf 83' lang='lat' dir='ltr'>existi-</span> 
     </span>
     <span class='ocr_line' id='line_1_18' title="bbox 408 1889 1456 1976; baseline -0.003 -22"><span class='ocrx_word' id='word_1_145' title='bbox 408 1901 494 1955; x_wconf 84' lang='lat' dir='ltr'>mata</span> <span class='ocrx_word' id='word_1_146' title='bbox 508 1904 607 1971; x_wconf 89' lang='lat' dir='ltr'>emnt,</span> <span class='ocrx_word' id='word_1_147' title='bbox 622 1891 705 1954; x_wconf 88' lang='lat' dir='ltr'>hsud</span> <span class='ocrx_word' id='word_1_148' title='bbox 719 1892 751 1954; x_wconf 90' lang='lat' dir='ltr'>iu</span> <span class='ocrx_word' id='word_1_149' title='bbox 766 1913 880 1975; x_wconf 84' lang='lat' dir='ltr'>magno</span> <span class='ocrx_word' id='word_1_150' title='bbox 893 1891 1034 1976; x_wconf 86' lang='lat' dir='ltr'>equidem</span> <span class='ocrx_word' id='word_1_151' title='bbox 1048 1913 1161 1976; x_wconf 90' lang='lat' dir='ltr'>ponam</span> <span class='ocrx_word' id='word_1_152' title='bbox 1175 1889 1359 1954; x_wconf 87' lang='lat' dir='ltr'>discrimine.</span> <span class='ocrx_word' id='word_1_153' title='bbox 1402 1891 1456 1952; x_wconf 85' lang='lat' dir='ltr'>Ad</span> 
     </span>
     <span class='ocr_line' id='line_1_19' title="bbox 408 1975 1456 2060; baseline 0 -22"><span class='ocrx_word' id='word_1_154' title='bbox 408 1975 462 2040; x_wconf 90' lang='lat' dir='ltr'>illa</span> <span class='ocrx_word' id='word_1_155' title='bbox 475 1976 551 2039; x_wconf 92' lang='lat' dir='ltr'>mihi</span> <span class='ocrx_word' id='word_1_156' title='bbox 573 1998 628 2060; x_wconf 92' lang='lat' dir='ltr'>pro</span> <span class='ocrx_word' id='word_1_157' title='bbox 650 1979 823 2060; x_wconf 78' lang='lat' dir='ltr'>aequisque</span> <span class='ocrx_word' id='word_1_158' title='bbox 838 1979 1099 2042; x_wconf 88' lang='lat' dir='ltr'>acriteriutendst</span> <span class='ocrx_word' id='word_1_159' title='bbox 1121 1977 1266 2056; x_wconf 87' lang='lat' dir='ltr'>animum,</span> <span class='ocrx_word' id='word_1_160' title='bbox 1290 1997 1355 2058; x_wconf 77' lang='lat' dir='ltr'>quse</span> <span class='ocrx_word' id='word_1_161' title='bbox 1376 1976 1456 2056; x_wconf 85' lang='lat' dir='ltr'>vita,</span> 
     </span>
     <span class='ocr_line' id='line_1_20' title="bbox 408 2062 1456 2148; baseline -0.001 -24"><span class='ocrx_word' id='word_1_162' title='bbox 408 2063 460 2144; x_wconf 92' lang='lat' dir='ltr'>qui</span> <span class='ocrx_word' id='word_1_163' title='bbox 485 2082 583 2125; x_wconf 89' lang='lat' dir='ltr'>mores</span> <span class='ocrx_word' id='word_1_164' title='bbox 607 2062 741 2126; x_wconf 83' lang='lat' dir='ltr'>fuerint:</span> <span class='ocrx_word' id='word_1_165' title='bbox 764 2087 819 2148; x_wconf 91' lang='lat' dir='ltr'>per</span> <span class='ocrx_word' id='word_1_166' title='bbox 834 2065 1020 2147; x_wconf 82' lang='lat' dir='ltr'>quosviros,</span> <span class='ocrx_word' id='word_1_167' title='bbox 1043 2065 1208 2147; x_wconf 88' lang='lat' dir='ltr'>quibusque</span> <span class='ocrx_word' id='word_1_168' title='bbox 1222 2063 1346 2142; x_wconf 89' lang='lat' dir='ltr'>artibus,</span> <span class='ocrx_word' id='word_1_169' title='bbox 1368 2063 1456 2124; x_wconf 90' lang='lat' dir='ltr'>domi</span> 
     </span>
     <span class='ocr_line' id='line_1_21' title="bbox 407 2147 1455 2234; baseline 0.001 -25"><span class='ocrx_word' id='word_1_170' title='bbox 407 2147 593 2230; x_wconf 55' lang='lat' dir='ltr'>militiaeqQ</span> <span class='ocrx_word' id='word_1_171' title='bbox 638 2161 670 2212; x_wconf 89' lang='lat' dir='ltr'>et</span> <span class='ocrx_word' id='word_1_172' title='bbox 697 2162 819 2234; x_wconf 87' lang='lat' dir='ltr'>partum</span> <span class='ocrx_word' id='word_1_173' title='bbox 848 2163 881 2214; x_wconf 93' lang='lat' dir='ltr'>et</span> <span class='ocrx_word' id='word_1_174' title='bbox 909 2164 1031 2215; x_wconf 88' lang='lat' dir='ltr'>auctum</span> <span class='ocrx_word' id='word_1_175' title='bbox 1068 2151 1226 2234; x_wconf 87' lang='lat' dir='ltr'>imperium</span> <span class='ocrx_word' id='word_1_176' title='bbox 1252 2150 1301 2212; x_wconf 88' lang='lat' dir='ltr'>sit.</span> <span class='ocrx_word' id='word_1_177' title='bbox 1329 2149 1455 2210; x_wconf 90' lang='lat' dir='ltr'>labente</span> 
     </span>
     <span class='ocr_line' id='line_1_22' title="bbox 408 2233 1455 2321; baseline 0.002 -27"><span class='ocrx_word' id='word_1_178' title='bbox 408 2233 519 2296; x_wconf 91' lang='lat' dir='ltr'>deinde</span> <span class='ocrx_word' id='word_1_179' title='bbox 542 2234 700 2319; x_wconf 85' lang='lat' dir='ltr'>paullatim</span> <span class='ocrx_word' id='word_1_180' title='bbox 721 2236 892 2321; x_wconf 88' lang='lat' dir='ltr'>disciplina,</span> <span class='ocrx_word' id='word_1_181' title='bbox 913 2238 996 2301; x_wconf 86' lang='lat' dir='ltr'>velut</span> <span class='ocrx_word' id='word_1_182' title='bbox 1011 2242 1034 2278; x_wconf 87' lang='lat'>¹¹</span> <span class='ocrx_word' id='word_1_183' title='bbox 1052 2237 1223 2300; x_wconf 74' lang='lat' dir='ltr'>desidentes</span> <span class='ocrx_word' id='word_1_184' title='bbox 1237 2236 1336 2319; x_wconf 91' lang='lat' dir='ltr'>primo</span> <span class='ocrx_word' id='word_1_185' title='bbox 1355 2256 1455 2296; x_wconf 89' lang='lat' dir='ltr'>mores</span> 
     </span>
     <span class='ocr_line' id='line_1_23' title="bbox 409 2321 1454 2406; baseline -0.001 -24"><span class='ocrx_word' id='word_1_186' title='bbox 409 2332 551 2402; x_wconf 79' lang='lat' dir='ltr'>sequatur</span> <span class='ocrx_word' id='word_1_187' title='bbox 565 2321 687 2401; x_wconf 82' lang='lat' dir='ltr'>anim03</span> <span class='ocrx_word' id='word_1_188' title='bbox 711 2324 820 2385; x_wconf 91' lang='lat' dir='ltr'>deinde</span> <span class='ocrx_word' id='word_1_189' title='bbox 842 2336 879 2387; x_wconf 91' lang='lat' dir='ltr'>ut</span> <span class='ocrx_word' id='word_1_190' title='bbox 899 2325 996 2406; x_wconf 90' lang='lat' dir='ltr'>magis</span> <span class='ocrx_word' id='word_1_191' title='bbox 1019 2325 1174 2406; x_wconf 84' lang='lat' dir='ltr'>magisque</span> <span class='ocrx_word' id='word_1_192' title='bbox 1194 2322 1271 2404; x_wconf 85' lang='lat' dir='ltr'>lapsi</span> <span class='ocrx_word' id='word_1_193' title='bbox 1285 2322 1366 2397; x_wconf 88' lang='lat' dir='ltr'>sint;</span> <span class='ocrx_word' id='word_1_194' title='bbox 1389 2332 1454 2382; x_wconf 90' lang='lat' dir='ltr'>tum</span> 
     </span>
     <span class='ocr_line' id='line_1_24' title="bbox 408 2403 1454 2492; baseline 0.001 -26"><span class='ocrx_word' id='word_1_195' title='bbox 408 2403 453 2466; x_wconf 89' lang='lat' dir='ltr'>ire</span> <span class='ocrx_word' id='word_1_196' title='bbox 482 2408 629 2489; x_wconf 87' lang='lat' dir='ltr'>coeperint</span> <span class='ocrx_word' id='word_1_197' title='bbox 654 2409 849 2492; x_wconf 80' lang='lat' dir='ltr'>praecipites3</span> <span class='ocrx_word' id='word_1_198' title='bbox 887 2409 985 2471; x_wconf 91' lang='lat' dir='ltr'>donec</span> <span class='ocrx_word' id='word_1_199' title='bbox 1015 2410 1054 2472; x_wconf 92' lang='lat' dir='ltr'>ad</span> <span class='ocrx_word' id='word_1_200' title='bbox 1080 2411 1144 2472; x_wconf 81' lang='lat' dir='ltr'>haec</span> <span class='ocrx_word' id='word_1_201' title='bbox 1169 2419 1318 2491; x_wconf 86' lang='lat' dir='ltr'>tempora,</span> <span class='ocrx_word' id='word_1_202' title='bbox 1349 2406 1454 2488; x_wconf 86' lang='lat' dir='ltr'>quibus</span> 
     </span>
     <span class='ocr_line' id='line_1_25' title="bbox 409 2490 1455 2579; baseline 0.002 -27"><span class='ocrx_word' id='word_1_203' title='bbox 409 2509 466 2552; x_wconf 87' lang='lat' dir='ltr'>nec</span> <span class='ocrx_word' id='word_1_204' title='bbox 490 2490 566 2552; x_wconf 85' lang='lat' dir='ltr'>vitia</span> <span class='ocrx_word' id='word_1_205' title='bbox 587 2505 702 2572; x_wconf 87' lang='lat' dir='ltr'>nostra,</span> <span class='ocrx_word' id='word_1_206' title='bbox 721 2514 778 2557; x_wconf 87' lang='lat' dir='ltr'>nec</span> <span class='ocrx_word' id='word_1_207' title='bbox 796 2494 931 2556; x_wconf 85' lang='lat' dir='ltr'>remedia</span> <span class='ocrx_word' id='word_1_208' title='bbox 944 2497 1010 2578; x_wconf 87' lang='lat' dir='ltr'>pati</span> <span class='ocrx_word' id='word_1_209' title='bbox 1025 2516 1193 2579; x_wconf 85' lang='lat' dir='ltr'>possumus,</span> <span class='ocrx_word' id='word_1_210' title='bbox 1207 2504 1384 2578; x_wconf 89' lang='lat' dir='ltr'>perventum</span> <span class='ocrx_word' id='word_1_211' title='bbox 1398 2505 1455 2554; x_wconf 89' lang='lat' dir='ltr'>est.</span> 
     </span>
    </p>
   </div>
   <div class='ocr_carea' id='block_1_3' title="bbox 384 2573 1456 3097">
    <p class='ocr_par' dir='ltr' id='par_1_3' title="bbox 384 2573 1456 3097">
     <span class='ocr_line' id='line_1_26' title="bbox 384 2573 1455 2664; baseline 0.002 -25"><span class='ocrx_word' id='word_1_212' title='bbox 384 2573 479 2649; x_wconf 62' lang='lat' dir='ltr'>„Hoc</span> <span class='ocrx_word' id='word_1_213' title='bbox 502 2575 577 2640; x_wconf 94' lang='lat' dir='ltr'>illud</span> <span class='ocrx_word' id='word_1_214' title='bbox 599 2589 647 2641; x_wconf 88' lang='lat' dir='ltr'>est</span> <span class='ocrx_word' id='word_1_215' title='bbox 668 2581 817 2664; x_wconf 82' lang='lat' dir='ltr'>praecipue</span> <span class='ocrx_word' id='word_1_216' title='bbox 841 2581 873 2643; x_wconf 90' lang='lat' dir='ltr'>in</span> <span class='ocrx_word' id='word_1_217' title='bbox 897 2582 1073 2663; x_wconf 86' lang='lat' dir='ltr'>cognitione</span> <span class='ocrx_word' id='word_1_218' title='bbox 1096 2604 1195 2645; x_wconf 88' lang='lat' dir='ltr'>rerum</span> <span class='ocrx_word' id='word_1_219' title='bbox 1210 2580 1327 2644; x_wconf 86' lang='lat' dir='ltr'>salubre</span> <span class='ocrx_word' id='word_1_220' title='bbox 1342 2601 1378 2642; x_wconf 89' lang='lat' dir='ltr'>ac</span> <span class='ocrx_word' id='word_1_221' title='bbox 1392 2580 1455 2641; x_wconf 84' lang='lat' dir='ltr'>sru-</span> 
     </span>
     <span class='ocr_line' id='line_1_27' title="bbox 406 2661 1456 2750; baseline 0.005 -28"><span class='ocrx_word' id='word_1_222' title='bbox 406 2661 547 2743; x_wconf 83' lang='lat' dir='ltr'>giierum,</span> <span class='ocrx_word' id='word_1_223' title='bbox 584 2666 682 2728; x_wconf 89' lang='lat' dir='ltr'>omnis</span> <span class='ocrx_word' id='word_1_224' title='bbox 711 2679 743 2729; x_wconf 89' lang='lat' dir='ltr'>te</span> <span class='ocrx_word' id='word_1_225' title='bbox 772 2666 903 2750; x_wconf 89' lang='lat' dir='ltr'>exempli</span> <span class='ocrx_word' id='word_1_226' title='bbox 929 2668 1113 2732; x_wconf 83' lang='lat' dir='ltr'>documenta</span> <span class='ocrx_word' id='word_1_227' title='bbox 1145 2669 1176 2730; x_wconf 92' lang='lat' dir='ltr'>in</span> <span class='ocrx_word' id='word_1_228' title='bbox 1209 2667 1327 2729; x_wconf 88' lang='lat' dir='ltr'>inlustri</span> <span class='ocrx_word' id='word_1_229' title='bbox 1354 2665 1456 2750; x_wconf 84' lang='lat' dir='ltr'>posita</span> 
     </span>
     <span class='ocr_line' id='line_1_28' title="bbox 410 2751 1456 2838; baseline 0.006 -30"><span class='ocrx_word' id='word_1_230' title='bbox 410 2760 611 2813; x_wconf 89' lang='lat' dir='ltr'>monumento</span> <span class='ocrx_word' id='word_1_231' title='bbox 640 2751 774 2817; x_wconf 84' lang='lat' dir='ltr'>intueri:</span> <span class='ocrx_word' id='word_1_232' title='bbox 813 2753 885 2815; x_wconf 90' lang='lat' dir='ltr'>inde</span> <span class='ocrx_word' id='word_1_233' title='bbox 919 2755 975 2817; x_wconf 89' lang='lat' dir='ltr'>tibi</span> <span class='ocrx_word' id='word_1_234' title='bbox 1010 2767 1127 2838; x_wconf 78' lang='lat' dir='ltr'>tueque</span> <span class='ocrx_word' id='word_1_235' title='bbox 1160 2753 1341 2836; x_wconf 70' lang='lat' dir='ltr'>reipublice,</span> <span class='ocrx_word' id='word_1_236' title='bbox 1373 2752 1456 2833; x_wconf 88' lang='lat' dir='ltr'>quod</span> 
     </span>
     <span class='ocr_line' id='line_1_29' title="bbox 409 2834 1455 2926; baseline 0.003 -31"><span class='ocrx_word' id='word_1_237' title='bbox 409 2834 539 2914; x_wconf 87' lang='lat' dir='ltr'>imitere,</span> <span class='ocrx_word' id='word_1_238' title='bbox 562 2836 685 2919; x_wconf 80' lang='lat' dir='ltr'>capias:</span> <span class='ocrx_word' id='word_1_239' title='bbox 718 2840 800 2919; x_wconf 87' lang='lat' dir='ltr'>inde,</span> <span class='ocrx_word' id='word_1_240' title='bbox 822 2840 938 2903; x_wconf 85' lang='lat' dir='ltr'>foedum</span> <span class='ocrx_word' id='word_1_241' title='bbox 961 2842 1096 2926; x_wconf 85' lang='lat' dir='ltr'>inceptu,</span> <span class='ocrx_word' id='word_1_242' title='bbox 1118 2840 1233 2903; x_wconf 83' lang='lat' dir='ltr'>ioedum</span> <span class='ocrx_word' id='word_1_243' title='bbox 1255 2840 1351 2916; x_wconf 84' lang='lat' dir='ltr'>exitu,</span> <span class='ocrx_word' id='word_1_244' title='bbox 1374 2838 1455 2919; x_wconf 91' lang='lat' dir='ltr'>quod</span> 
     </span>
     <span class='ocr_line' id='line_1_30' title="bbox 407 2915 1456 3009; baseline 0.004 -26"><span class='ocrx_word' id='word_1_245' title='bbox 407 2915 496 2984; x_wconf 83' lang='lat' dir='ltr'>vites.</span> <span class='ocrx_word' id='word_1_246' title='bbox 541 2919 684 2987; x_wconf 86' lang='lat' dir='ltr'>Ceterum</span> <span class='ocrx_word' id='word_1_247' title='bbox 710 2937 764 2989; x_wconf 92' lang='lat' dir='ltr'>aut</span> <span class='ocrx_word' id='word_1_248' title='bbox 787 2946 837 2987; x_wconf 89' lang='lat' dir='ltr'>me</span> <span class='ocrx_word' id='word_1_249' title='bbox 866 2946 953 2989; x_wconf 90' lang='lat' dir='ltr'>amor</span> <span class='ocrx_word' id='word_1_250' title='bbox 981 2928 1097 3009; x_wconf 91' lang='lat' dir='ltr'>negotii</span> <span class='ocrx_word' id='word_1_251' title='bbox 1123 2926 1255 3009; x_wconf 88' lang='lat' dir='ltr'>suscepti</span> <span class='ocrx_word' id='word_1_252' title='bbox 1282 2925 1370 3002; x_wconf 79' lang='lat' dir='ltr'>fallit,</span> <span class='ocrx_word' id='word_1_253' title='bbox 1402 2937 1456 2987; x_wconf 91' lang='lat' dir='ltr'>aut</span> 
     </span>
     <span class='ocr_line' id='line_1_31' title="bbox 408 3006 1455 3097; baseline 0.002 -26"><span class='ocrx_word' id='word_1_254' title='bbox 408 3006 650 3093; x_wconf 75' lang='lat' dir='ltr'>nullumquam</span> <span class='ocrx_word' id='word_1_255' title='bbox 665 3012 837 3095; x_wconf 86' lang='lat' dir='ltr'>respublica</span> <span class='ocrx_word' id='word_1_256' title='bbox 850 3033 907 3075; x_wconf 87' lang='lat' dir='ltr'>nec</span> <span class='ocrx_word' id='word_1_257' title='bbox 925 3011 1034 3097; x_wconf 85' lang='lat' dir='ltr'>nlajor,</span> <span class='ocrx_word' id='word_1_258' title='bbox 1053 3034 1111 3077; x_wconf 88' lang='lat' dir='ltr'>nec</span> <span class='ocrx_word' id='word_1_259' title='bbox 1125 3013 1271 3092; x_wconf 89' lang='lat' dir='ltr'>sanctior,</span> <span class='ocrx_word' id='word_1_260' title='bbox 1287 3031 1344 3075; x_wconf 89' lang='lat' dir='ltr'>nec</span> <span class='ocrx_word' id='word_1_261' title='bbox 1368 3009 1455 3073; x_wconf 90' lang='lat' dir='ltr'>bonis</span> 
     </span>
    </p>
   </div>
   <div class='ocr_carea' id='block_1_4' title="bbox 820 3207 1048 3266">
    <p class='ocr_par' dir='ltr' id='par_1_4' title="bbox 820 3207 1048 3266">
     <span class='ocr_line' id='line_1_32' title="bbox 820 3207 1048 3266; baseline 0.004 -4"><span class='ocrx_word' id='word_1_262' title='bbox 820 3207 833 3245; x_wconf 56' lang='grc' dir='ltr'>ὓ</span> <span class='ocrx_word' id='word_1_263' title='bbox 847 3212 968 3266; x_wconf 71' lang='lat' dir='ltr'>mom.</span> <span class='ocrx_word' id='word_1_264' title='bbox 979 3209 1048 3263; x_wconf 77' lang='lat' dir='ltr'>cm.</span> 
     </span>
    </p>
   </div>
   <div class='ocr_carea' id='block_1_5' title="bbox 406 3368 1458 4543">
    <p class='ocr_par' dir='ltr' id='par_1_5' title="bbox 406 3368 1458 4543">
     <span class='ocr_line' id='line_1_33' title="bbox 407 3368 1457 3443; baseline 0.006 -22"><span class='ocrx_word' id='word_1_265' title='bbox 407 3372 518 3423; x_wconf 70' lang='lat' dir='ltr'>nimbum</span> <span class='ocrx_word' id='word_1_266' title='bbox 535 3374 616 3424; x_wconf 67' lang='lat' dir='ltr'>ment</span> <span class='ocrx_word' id='word_1_267' title='bbox 633 3368 744 3443; x_wconf 77' lang='lat' dir='ltr'>desiderio</span> <span class='ocrx_word' id='word_1_268' title='bbox 754 3376 915 3436; x_wconf 66' lang='lat' dir='ltr'>commode</span> <span class='ocrx_word' id='word_1_269' title='bbox 979 3376 1105 3443; x_wconf 78' lang='lat' dir='ltr'>⁹Deeom]</span> <span class='ocrx_word' id='word_1_270' title='bbox 1120 3375 1198 3441; x_wconf 66' lang='lat' dir='ltr'>unu</span> <span class='ocrx_word' id='word_1_271' title='bbox 1215 3377 1373 3429; x_wconf 81' lang='lat' dir='ltr'>emsenientia</span> <span class='ocrx_word' id='word_1_272' title='bbox 1395 3376 1457 3427; x_wconf 74' lang='lat' dir='ltr'>roe·</span> 
     </span>
     <span class='ocr_line' id='line_1_34' title="bbox 408 3437 1456 3509; baseline 0.008 -24"><span class='ocrx_word' id='word_1_273' title='bbox 408 3446 465 3485; x_wconf 82' lang='lat' dir='ltr'>ante</span> <span class='ocrx_word' id='word_1_274' title='bbox 475 3438 553 3487; x_wconf 85' lang='lat' dir='ltr'>omnis</span> <span class='ocrx_word' id='word_1_275' title='bbox 570 3439 671 3486; x_wconf 72' lang='lat' dir='ltr'>umoris</span> <span class='ocrx_word' id='word_1_276' title='bbox 687 3439 860 3489; x_wconf 74' lang='lat' dir='ltr'>novisalmorum</span> <span class='ocrx_word' id='word_1_277' title='bbox 871 3437 916 3490; x_wconf 76' lang='lat' dir='ltr'>ho·</span> <span class='ocrx_word' id='word_1_278' title='bbox 947 3444 999 3491; x_wconf 80' lang='lat' dir='ltr'>tiela</span> <span class='ocrx_word' id='word_1_279' title='bbox 1022 3443 1148 3504; x_wconf 76' lang='lat' dir='ltr'>figmentis,</span> <span class='ocrx_word' id='word_1_280' title='bbox 1171 3459 1239 3504; x_wconf 82' lang='lat' dir='ltr'>quam</span> <span class='ocrx_word' id='word_1_281' title='bbox 1267 3447 1403 3509; x_wconf 78' lang='lat' dir='ltr'>incorruptae</span> <span class='ocrx_word' id='word_1_282' title='bbox 1431 3452 1456 3492; x_wconf 86' lang='lat' dir='ltr'>et</span> 
     </span>
     <span class='ocr_line' id='line_1_35' title="bbox 408 3502 1455 3569; baseline 0.01 -22"><span class='ocrx_word' id='word_1_283' title='bbox 408 3510 463 3549; x_wconf 81' lang='lat' dir='ltr'>sum</span> <span class='ocrx_word' id='word_1_284' title='bbox 494 3512 633 3565; x_wconf 88' lang='lat' dir='ltr'>temporum,</span> <span class='ocrx_word' id='word_1_285' title='bbox 664 3502 746 3563; x_wconf 87' lang='lat' dir='ltr'>quibus</span> <span class='ocrx_word' id='word_1_286' title='bbox 776 3503 915 3569; x_wconf 83' lang='lat' dir='ltr'>jampridem</span> <span class='ocrx_word' id='word_1_287' title='bbox 948 3508 1045 3555; x_wconf 80' lang='lat' dir='ltr'>sincerae</span> <span class='ocrx_word' id='word_1_288' title='bbox 1083 3520 1162 3555; x_wconf 81' lang='lat' dir='ltr'>renim</span> <span class='ocrx_word' id='word_1_289' title='bbox 1194 3518 1310 3566; x_wconf 74' lang='lat' dir='ltr'>gestarum</span> <span class='ocrx_word' id='word_1_290' title='bbox 1344 3510 1455 3559; x_wconf 73' lang='lat' dir='ltr'>historice.</span> 
     </span>
     <span class='ocr_line' id='line_1_36' title="bbox 409 3562 1456 3697; baseline 0.008 -18"><span class='ocrx_word' id='word_1_291' title='bbox 409 3562 730 3679; x_wconf 40' lang='lat' dir='ltr'>militati&amp;</span> <span class='ocrx_word' id='word_1_292' title='bbox 753 3582 778 3617; x_wconf 76' lang='lat'>&#39;⁶</span> <span class='ocrx_word' id='word_1_293' title='bbox 799 3568 855 3634; x_wconf 67' lang='lat'>¹¹⁸²</span> <span class='ocrx_word' id='word_1_294' title='bbox 875 3585 918 3635; x_wconf 79' lang='lat'>¹’“</span> <span class='ocrx_word' id='word_1_295' title='bbox 949 3569 1145 3683; x_wconf 50' lang='lat' dir='ltr'>memb</span> <span class='ocrx_word' id='word_1_296' title='bbox 1161 3572 1396 3697; x_wconf 52' lang='lat' dir='ltr'>„wrm</span> <span class='ocrx_word' id='word_1_297' title='bbox 1414 3575 1456 3686; x_wconf 53' lang='grc' dir='ltr'>ᾖ</span> 
     </span>
     <span class='ocr_line' id='line_1_37' title="bbox 441 3675 1400 3757; baseline 0.01 -16"><span class='ocrx_word' id='word_1_298' title='bbox 441 3690 705 3757; x_wconf 74' lang='lat' dir='ltr'>⁷0nnunpmrnrae]</span> <span class='ocrx_word' id='word_1_299' title='bbox 727 3694 918 3748; x_wconf 85' lang='lat' dir='ltr'>Nonverebstur</span> <span class='ocrx_word' id='word_1_300' title='bbox 948 3699 1010 3746; x_wconf 81' lang='lat' dir='ltr'>bello.</span> <span class='ocrx_word' id='word_1_301' title='bbox 1374 3675 1400 3708; x_wconf 60' lang='lat'>&#39;’</span> 
     </span>
     <span class='ocr_line' id='line_1_38' title="bbox 409 3754 1457 3829; baseline 0.011 -24"><span class='ocrx_word' id='word_1_302' title='bbox 409 3754 616 3825; x_wconf 64' lang='lat' dir='ltr'>iluimusrebus</span> <span class='ocrx_word' id='word_1_303' title='bbox 625 3758 915 3818; x_wconf 73' lang='lat' dir='ltr'>Numaesutservit&#39;l&#39;nl·</span> <span class='ocrx_word' id='word_1_304' title='bbox 995 3762 1017 3795; x_wconf 86' lang='lat'>¹⁰</span> <span class='ocrx_word' id='word_1_305' title='bbox 1046 3760 1175 3827; x_wconf 78' lang='lat' dir='ltr'>Utcunque]</span> <span class='ocrx_word' id='word_1_306' title='bbox 1219 3763 1337 3829; x_wconf 77' lang='lat' dir='ltr'>Utcunque</span> <span class='ocrx_word' id='word_1_307' title='bbox 1355 3770 1457 3817; x_wconf 64' lang='lat' dir='ltr'>uniend-</span> 
     </span>
     <span class='ocr_line' id='line_1_39' title="bbox 406 3820 1457 3892; baseline 0.01 -21"><span class='ocrx_word' id='word_1_308' title='bbox 406 3820 435 3871; x_wconf 88' lang='lat' dir='ltr'>lii</span> <span class='ocrx_word' id='word_1_309' title='bbox 453 3823 604 3873; x_wconf 81' lang='lat' dir='ltr'>memorandis</span> <span class='ocrx_word' id='word_1_310' title='bbox 621 3824 753 3889; x_wconf 77' lang='lat' dir='ltr'>cujusquam</span> <span class='ocrx_word' id='word_1_311' title='bbox 770 3828 873 3875; x_wconf 81' lang='lat' dir='ltr'>animum</span> <span class='ocrx_word' id='word_1_312' title='bbox 881 3826 917 3874; x_wconf 83' lang='lat' dir='ltr'>ol·</span> <span class='ocrx_word' id='word_1_313' title='bbox 947 3842 1017 3886; x_wconf 77' lang='lat' dir='ltr'>cem,</span> <span class='ocrx_word' id='word_1_314' title='bbox 1032 3826 1049 3876; x_wconf 92' lang='lat' dir='ltr'>i.</span> <span class='ocrx_word' id='word_1_315' title='bbox 1059 3843 1083 3878; x_wconf 86' lang='lat' dir='ltr'>e.</span> <span class='ocrx_word' id='word_1_316' title='bbox 1100 3832 1260 3892; x_wconf 84' lang='lat' dir='ltr'>quoquomodo</span> <span class='ocrx_word' id='word_1_317' title='bbox 1279 3832 1307 3879; x_wconf 90' lang='lat' dir='ltr'>ad</span> <span class='ocrx_word' id='word_1_318' title='bbox 1330 3848 1356 3880; x_wconf 81' lang='lat' dir='ltr'>ea</span> <span class='ocrx_word' id='word_1_319' title='bbox 1376 3842 1457 3881; x_wconf 84' lang='lat' dir='ltr'>atten-</span> 
     </span>
     <span class='ocr_line' id='line_1_40' title="bbox 408 3886 1457 3958; baseline 0.011 -22"><span class='ocrx_word' id='word_1_320' title='bbox 408 3886 524 3939; x_wconf 78' lang='lat' dir='ltr'>t&#39;entleret.</span> <span class='ocrx_word' id='word_1_321' title='bbox 567 3889 650 3952; x_wconf 85' lang='lat' dir='ltr'>ltaque</span> <span class='ocrx_word' id='word_1_322' title='bbox 671 3890 830 3938; x_wconf 80' lang='lat' dir='ltr'>remotissimas</span> <span class='ocrx_word' id='word_1_323' title='bbox 856 3890 918 3939; x_wconf 86' lang='lat' dir='ltr'>illius</span> <span class='ocrx_word' id='word_1_324' title='bbox 947 3893 1018 3949; x_wconf 87' lang='lat' dir='ltr'>deris,</span> <span class='ocrx_word' id='word_1_325' title='bbox 1041 3894 1090 3942; x_wconf 83' lang='lat' dir='ltr'>sive</span> <span class='ocrx_word' id='word_1_326' title='bbox 1111 3896 1204 3952; x_wconf 83' lang='lat' dir='ltr'>aeriter,</span> <span class='ocrx_word' id='word_1_327' title='bbox 1225 3895 1273 3944; x_wconf 81' lang='lat' dir='ltr'>sire</span> <span class='ocrx_word' id='word_1_328' title='bbox 1294 3896 1457 3958; x_wconf 79' lang='lat' dir='ltr'>negligentius.</span> 
     </span>
     <span class='ocr_line' id='line_1_41' title="bbox 409 3952 1457 4024; baseline 0.009 -22"><span class='ocrx_word' id='word_1_329' title='bbox 409 3952 552 4017; x_wconf 80' lang='lat' dir='ltr'>antiquitatis</span> <span class='ocrx_word' id='word_1_330' title='bbox 572 3954 688 4003; x_wconf 77' lang='lat' dir='ltr'>historiam</span> <span class='ocrx_word' id='word_1_331' title='bbox 707 3954 816 4003; x_wconf 81' lang='lat' dir='ltr'>scribenti</span> <span class='ocrx_word' id='word_1_332' title='bbox 832 3970 918 4003; x_wconf 76' lang='lat' dir='ltr'>vacum</span> <span class='ocrx_word' id='word_1_333' title='bbox 952 3955 1068 4019; x_wconf 77' lang='lat' dir='ltr'>Utcunque</span> <span class='ocrx_word' id='word_1_334' title='bbox 1083 3959 1213 4015; x_wconf 68' lang='lat' dir='ltr'>uictima,</span> <span class='ocrx_word' id='word_1_335' title='bbox 1229 3960 1278 4010; x_wconf 82' lang='lat' dir='ltr'>ie.</span> <span class='ocrx_word' id='word_1_336' title='bbox 1294 3964 1457 4024; x_wconf 86' lang='lat' dir='ltr'>quoquomodo</span> 
     </span>
     <span class='ocr_line' id='line_1_42' title="bbox 410 4018 1457 4086; baseline 0.011 -22"><span class='ocrx_word' id='word_1_337' title='bbox 410 4018 476 4065; x_wconf 82' lang='lat' dir='ltr'>omni</span> <span class='ocrx_word' id='word_1_338' title='bbox 491 4034 546 4067; x_wconf 86' lang='lat' dir='ltr'>cura</span> <span class='ocrx_word' id='word_1_339' title='bbox 564 4030 613 4068; x_wconf 81' lang='lat' dir='ltr'>ent</span> <span class='ocrx_word' id='word_1_340' title='bbox 634 4018 741 4067; x_wconf 84' lang='lat' dir='ltr'>suimus=</span> <span class='ocrx_word' id='word_1_341' title='bbox 769 4032 817 4066; x_wconf 79' lang='lat' dir='ltr'>nour</span> <span class='ocrx_word' id='word_1_342' title='bbox 837 4019 917 4068; x_wconf 83' lang='lat' dir='ltr'>itidem</span> <span class='ocrx_word' id='word_1_343' title='bbox 948 4020 978 4069; x_wconf 91' lang='lat' dir='ltr'>de</span> <span class='ocrx_word' id='word_1_344' title='bbox 995 4020 1024 4068; x_wconf 84' lang='lat' dir='ltr'>iis</span> <span class='ocrx_word' id='word_1_345' title='bbox 1037 4020 1184 4084; x_wconf 76' lang='lat' dir='ltr'>judicareris,</span> <span class='ocrx_word' id='word_1_346' title='bbox 1200 4024 1323 4086; x_wconf 83' lang='lat' dir='ltr'>aisevera,</span> <span class='ocrx_word' id='word_1_347' title='bbox 1342 4028 1457 4077; x_wconf 80' lang='lat' dir='ltr'>sirefalas</span> 
     </span>
     <span class='ocr_line' id='line_1_43' title="bbox 410 4080 1071 4149; baseline 0.012 -21"><span class='ocrx_word' id='word_1_348' title='bbox 410 4080 503 4131; x_wconf 71' lang='lat' dir='ltr'>ntum·</span> <span class='ocrx_word' id='word_1_349' title='bbox 520 4092 571 4133; x_wconf 83' lang='lat' dir='ltr'>etat</span> <span class='ocrx_word' id='word_1_350' title='bbox 592 4083 718 4134; x_wconf 63' lang='lat' dir='ltr'>&amp;seriana</span> <span class='ocrx_word' id='word_1_351' title='bbox 735 4093 917 4147; x_wconf 59' lang='lat' dir='ltr'>temporum·</span> <span class='ocrx_word' id='word_1_352' title='bbox 948 4087 1071 4149; x_wconf 84' lang='lat' dir='ltr'>putareris.</span> 
     </span>
     <span class='ocr_line' id='line_1_44' title="bbox 411 4145 1457 4217; baseline 0.011 -24"><span class='ocrx_word' id='word_1_353' title='bbox 411 4145 479 4194; x_wconf 85' lang='lat' dir='ltr'>tanti.</span> <span class='ocrx_word' id='word_1_354' title='bbox 983 4149 1002 4183; x_wconf 84' lang='lat'>¹¹</span> <span class='ocrx_word' id='word_1_355' title='bbox 1028 4146 1163 4217; x_wconf 78' lang='lat' dir='ltr'>Desidentes]</span> <span class='ocrx_word' id='word_1_356' title='bbox 1196 4152 1309 4203; x_wconf 81' lang='lat' dir='ltr'>Paulatim</span> <span class='ocrx_word' id='word_1_357' title='bbox 1332 4155 1377 4204; x_wconf 76' lang='lat' dir='ltr'>labi</span> <span class='ocrx_word' id='word_1_358' title='bbox 1399 4157 1457 4205; x_wconf 84' lang='lat' dir='ltr'>inei·</span> 
     </span>
     <span class='ocr_line' id='line_1_45' title="bbox 444 4208 1457 4280; baseline 0.014 -25"><span class='ocrx_word' id='word_1_359' title='bbox 444 4208 456 4240; x_wconf 79' lang='lat'><strong>⁸</strong></span> <span class='ocrx_word' id='word_1_360' title='bbox 479 4208 849 4277; x_wconf 72' lang='lat' dir='ltr'>nna..ennntam..mten]</span> <span class='ocrx_word' id='word_1_361' title='bbox 872 4213 918 4263; x_wconf 86' lang='lat' dir='ltr'>His</span> <span class='ocrx_word' id='word_1_362' title='bbox 947 4214 1048 4277; x_wconf 84' lang='lat' dir='ltr'>pientes.</span> <span class='ocrx_word' id='word_1_363' title='bbox 1078 4217 1208 4267; x_wconf 83' lang='lat' dir='ltr'>Translatio</span> <span class='ocrx_word' id='word_1_364' title='bbox 1224 4220 1336 4274; x_wconf 76' lang='lat' dir='ltr'>ductaab</span> <span class='ocrx_word' id='word_1_365' title='bbox 1353 4222 1389 4280; x_wconf 86' lang='lat' dir='ltr'>lis,</span> <span class='ocrx_word' id='word_1_366' title='bbox 1420 4238 1457 4269; x_wconf 78' lang='lat' dir='ltr'>un</span> 
     </span>
     <span class='ocr_line' id='line_1_46' title="bbox 411 4238 1457 4349; baseline 0.016 -31"><span class='ocrx_word' id='word_1_367' title='bbox 411 4270 489 4349; x_wconf 72' lang='lat' dir='ltr'>serbis</span> <span class='ocrx_word' id='word_1_368' title='bbox 507 4274 619 4349; x_wconf 70' lang='lat' dir='ltr'>desigusri</span> <span class='ocrx_word' id='word_1_369' title='bbox 632 4279 723 4327; x_wconf 83' lang='lat' dir='ltr'>videtur</span> <span class='ocrx_word' id='word_1_370' title='bbox 739 4290 832 4343; x_wconf 85' lang='lat' dir='ltr'>tempus</span> <span class='ocrx_word' id='word_1_371' title='bbox 841 4293 917 4327; x_wconf 71' lang='lat' dir='ltr'>remo</span> <span class='ocrx_word' id='word_1_372' title='bbox 948 4278 995 4327; x_wconf 86' lang='lat' dir='ltr'>leni</span> <span class='ocrx_word' id='word_1_373' title='bbox 1008 4292 1072 4328; x_wconf 86' lang='lat' dir='ltr'>motu</span> <span class='ocrx_word' id='word_1_374' title='bbox 1084 4281 1108 4328; x_wconf 86' lang='lat' dir='ltr'>in</span> <span class='ocrx_word' id='word_1_375' title='bbox 1119 4296 1193 4333; x_wconf 75' lang='lat' dir='ltr'>mmet</span> <span class='ocrx_word' id='word_1_376' title='bbox 1208 4284 1376 4349; x_wconf 76' lang='lat' dir='ltr'>deprimuntur.</span> <span class='ocrx_word' id='word_1_377' title='bbox 1404 4238 1457 4335; x_wconf 69' lang='lat' dir='ltr'>ba·</span> 
     </span>
     <span class='ocr_line' id='line_1_47' title="bbox 412 4338 1458 4399; baseline 0.014 -16"><span class='ocrx_word' id='word_1_378' title='bbox 412 4348 468 4392; x_wconf 81' lang='lat' dir='ltr'>nus,</span> <span class='ocrx_word' id='word_1_379' title='bbox 478 4345 526 4399; x_wconf 86' lang='lat' dir='ltr'>quo·</span> <span class='ocrx_word' id='word_1_380' title='bbox 533 4338 638 4389; x_wconf 78' lang='lat' dir='ltr'>videlieet</span> <span class='ocrx_word' id='word_1_381' title='bbox 645 4344 747 4391; x_wconf 84' lang='lat' dir='ltr'>nondum</span> <span class='ocrx_word' id='word_1_382' title='bbox 757 4344 777 4391; x_wconf 90' lang='lat' dir='ltr'>is</span> <span class='ocrx_word' id='word_1_383' title='bbox 785 4354 835 4392; x_wconf 85' lang='lat' dir='ltr'>erat</span> <span class='ocrx_word' id='word_1_384' title='bbox 842 4358 918 4391; x_wconf 86' lang='lat' dir='ltr'>rerum</span> <span class='ocrx_word' id='word_1_385' title='bbox 951 4344 1043 4391; x_wconf 81' lang='lat' dir='ltr'>eidmtes</span> <span class='ocrx_word' id='word_1_386' title='bbox 1052 4346 1091 4395; x_wconf 81' lang='lat' dir='ltr'>hic</span> <span class='ocrx_word' id='word_1_387' title='bbox 1101 4362 1114 4393; x_wconf 86' lang='lat' dir='ltr'>a</span> <span class='ocrx_word' id='word_1_388' title='bbox 1124 4348 1204 4396; x_wconf 80' lang='lat' dir='ltr'>deside.</span> <span class='ocrx_word' id='word_1_389' title='bbox 1228 4350 1339 4399; x_wconf 81' lang='lat' dir='ltr'>Ceterum</span> <span class='ocrx_word' id='word_1_390' title='bbox 1351 4352 1391 4399; x_wconf 87' lang='lat' dir='ltr'>hic</span> <span class='ocrx_word' id='word_1_391' title='bbox 1401 4351 1458 4399; x_wconf 88' lang='lat' dir='ltr'>olim</span> 
     </span>
     <span class='ocr_line' id='line_1_48' title="bbox 413 4402 1457 4483; baseline 0.014 -34"><span class='ocrx_word' id='word_1_392' title='bbox 413 4410 495 4459; x_wconf 64' lang='lat' dir='ltr'>matun</span> <span class='ocrx_word' id='word_1_393' title='bbox 511 4410 537 4450; x_wconf 91' lang='lat' dir='ltr'>ut</span> <span class='ocrx_word' id='word_1_394' title='bbox 554 4402 616 4451; x_wconf 82' lang='lat' dir='ltr'>brevi</span> <span class='ocrx_word' id='word_1_395' title='bbox 628 4404 701 4454; x_wconf 79' lang='lat' dir='ltr'>Romu</span> <span class='ocrx_word' id='word_1_396' title='bbox 714 4408 831 4457; x_wconf 86' lang='lat' dir='ltr'>condenda</span> <span class='ocrx_word' id='word_1_397' title='bbox 843 4408 917 4460; x_wconf 83' lang='lat' dir='ltr'>loreta</span> <span class='ocrx_word' id='word_1_398' title='bbox 951 4406 1068 4469; x_wconf 76' lang='lat' dir='ltr'>legebatur</span> <span class='ocrx_word' id='word_1_399' title='bbox 1083 4412 1214 4463; x_wconf 79' lang='lat' dir='ltr'>dissidentes.</span> <span class='ocrx_word' id='word_1_400' title='bbox 1245 4414 1353 4467; x_wconf 80' lang='lat' dir='ltr'>Correxit</span> <span class='ocrx_word' id='word_1_401' title='bbox 1367 4416 1457 4483; x_wconf 81' lang='lat' dir='ltr'>lipsius</span> 
     </span>
     <span class='ocr_line' id='line_1_49' title="bbox 415 4464 1105 4543; baseline 0.022 -29"><span class='ocrx_word' id='word_1_402' title='bbox 415 4464 431 4494; x_wconf 81' lang='lat'>&#39;</span> <span class='ocrx_word' id='word_1_403' title='bbox 443 4476 509 4529; x_wconf 71' lang='lat' dir='ltr'>puts,</span> <span class='ocrx_word' id='word_1_404' title='bbox 517 4476 609 4533; x_wconf 78' lang='lat' dir='ltr'>tenpus</span> <span class='ocrx_word' id='word_1_405' title='bbox 620 4480 673 4520; x_wconf 86' lang='lat' dir='ltr'>ante</span> <span class='ocrx_word' id='word_1_406' title='bbox 684 4470 811 4524; x_wconf 78' lang='lat' dir='ltr'>Romulum</span> <span class='ocrx_word' id='word_1_407' title='bbox 820 4483 910 4543; x_wconf 75' lang='lat' dir='ltr'>astum</span> <span class='ocrx_word' id='word_1_408' title='bbox 951 4486 965 4525; x_wconf 84' lang='lat' dir='ltr'>s</span> <span class='ocrx_word' id='word_1_409' title='bbox 977 4472 1025 4523; x_wconf 84' lang='lat' dir='ltr'>auis</span> <span class='ocrx_word' id='word_1_410' title='bbox 1033 4474 1105 4529; x_wconf 82' lang='lat' dir='ltr'>libris.</span> 
     </span>
    </p>
   </div>
   <div class='ocr_carea' id='block_1_6' title="bbox 0 0 1602 5200">
    <p class='ocr_par' dir='ltr' id='par_1_6' title="bbox 0 0 1602 5200">
     <span class='ocr_line' id='line_1_50' title="bbox 0 0 1602 5200; baseline 0 0"><span class='ocrx_word' id='word_1_411' title='bbox 0 0 1602 5200; x_wconf 95' lang='lat' dir='ltr'> </span> 
     </span>
    </p>
   </div>
  </div>
 </body>
</html>
