3175 5200
370 396 428 453 204
745 436 751 447 ,
794 377 879 441 um
897 376 998 442 mvn

206 559 239 607 U·
250 558 278 606 0·
292 558 357 608 ³⁰⁵·u
371 559 477 613 monte
491 543 722 621 Vecilioersnt,
734 542 883 607 nunciant
897 539 1087 618 decemviris·
1099 538 1111 573 ‘
1119 550 1154 603 ut
1174 538 1258 602 omni
1277 538 1417 623 ope-ab¹¹

206 618 354 673 A·⁰·⁴⁴⁷·'
372 637 547 701 ‘seditione
563 634 674 697 milites
684 631 863 695 contineant
876 626 895 689 τ’
919 629 971 691 nbi
982 626 1136 709 Virginius
1150 626 1310 709 majorem,
1321 646 1417 708 quam

205 690 287 765 Motus
296 688 320 736 in

205 764 292 806 tultis·

372 722 580 806 reliqueratin
592 720 680 797 urbe,
697 730 815 781 motrun
841 716 964 779 excivit.
1009 712 1102 793 Nam,
1116 726 1316 797 preterquam
1332 715 1419 796 qnod

371 812 493 893 agmine
514 828 607 891 prope
637 805 927 888 quadringentorum
957 802 1113 864 bominum
1134 800 1272 879 vemens,
1288 802 1356 882 qui
1375 802 1417 863 ab

370 899 444 959 urbe
458 895 641 976 indignitate
656 892 699 961 rei
719 891 840 961 accensi
864 890 992 954 comites
1005 889 1034 950 ei
1047 894 1090 950 fs‘e
1117 887 1275 967 dederent,
1297 891 1324 927 ²³
1340 908 1418 949 eon-

369 994 492 1066 spectus
508 992 554 1044 est
563 1004 573 1060 3
596 980 735 1045 strictum
757 979 853 1041 etiam
868 977 974 1055 telum,
989 994 1200 1059 respersusque
1215 975 1281 1057 ipse
1298 994 1417 1052 cruore,

369 1080 436 1139 tots
462 1070 493 1130 in
517 1089 550 1130 se
575 1079 677 1130 castra
690 1066 855 1134 convertit.
871 1076 903 1127 et
918 1076 1008 1146 togae,
1033 1061 1231 1125 multifariam
1253 1063 1284 1123 in
1307 1063 1416 1125 castris

315 1196 319 1203 ,
368 1157 448 1233 uisae,
475 1154 599 1237 majoris
621 1150 1142 1235 aliquanto,qusmerat,specieu1
1165 1149 1287 1211 urbanae
1309 1149 1417 1211 multi·

370 1241 483 1305 tudinis
507 1240 653 1303 fecerant.
688 1239 909 1317 Quaerentibus,
921 1237 1013 1319 ‘quid
1027 1237 1070 1299 rei
1084 1235 1190 1315 esset,'-
1202 1235 1277 1299 flens
1294 1236 1347 1297 diu
1360 1257 1416 1297 vo-

370 1348 437 1401 cern
462 1348 524 1391 non
550 1328 654 1390 misit:
678 1327 816 1405 tandem,
830 1337 866 1388 ut
881 1324 948 1407 jam
961 1345 1000 1386 ex
1014 1322 1220 1406 trepidatione
1233 1342 1416 1385 concurren-

371 1417 448 1479 tium
475 1415 564 1477 turba
589 1414 741 1491 constitit,
764 1434 800 1474 ac
830 1412 985 1474 silentium
1010 1410 1079 1489 fuit,
1105 1409 1212 1471 ordine
1235 1422 1357 1488 cuncta,
1378 1422 1416 1473 ut

370 1514 459 1583 gesta
481 1513 578 1578 erant,
594 1500 746 1582 exposuit.
782 1498 914 1580 Supinas
930 1496 1040 1559 deinde
1052 1496 1182 1559 tendens
1195 1510 1314 1575 manus,
1329 1517 1416 1558 com·

372 1588 525 1650 militones
549 1587 716 1668 adpellans,
745 1587 864 1663 orabat,
891 1582 1077 1665 ‘Ne‚‘quod
1098 1583 1195 1645 scelus
1213 1582 1274 1665 Ap.
1295 1582 1415 1645 Claudii

372 1675 383 1707 ‘
398 1686 488 1751 esset,
500 1674 556 1735 sibi
570 1673 793 1736 adtribuerent:
810 1692 870 1733 neu
880 1692 924 1750 se,
936 1683 972 1733 ut
985 1669 1170 1752 parricidam
1181 1670 1320 1748 liberum,
1329 1690 1416 1732 aver-

372 1762 383 1793 ‘
398 1771 546 1831 serentur.
585 1757 650 1821 Sibi
664 1760 760 1822 vitam
776 1758 845 1821 filine
858 1779 914 1819 sua
925 1758 1072 1820 cariorem
1088 1756 1187 1835 bisse,
1211 1758 1237 1817 si
1257 1756 1357 1818 liberte
1376 1778 1417 1817 ae

373 1848 384 1880 ‘
399 1847 516 1930 pudicae
522 1846 618 1908 vivere
630 1845 748 1909 licitum
757 1845 873 1909 suisset.
885 1865 988 1925 quum,
999 1843 1082 1930 velut
1091 1863 1217 1919 serram,
1226 1842 1266 1905 ad
1275 1855 1416 1925 stuprum

373 1934 384 1966 ‘
399 1934 463 2015 rapi
474 1933 600 2010 videret,
610 1943 709 1997 morte
721 1932 821 1995 amitti
832 1932 941 1994 melius
952 1943 1062 2010 ratum,
1073 1950 1165 2012 quam
1176 1929 1369 2008 contumelia,
1378 1930 1418 1991 li·
1432 1966 1438 1973 -

374 2019 385 2079 ‘.
399 2020 496 2097 beros,
509 2018 717 2082 misericordia
726 2039 758 2080 se
771 2018 803 2080 in
814 2019 949 2102 speciem
958 2017 1148 2081 crudelitatis
1158 2015 1286 2099 lapsum.
1301 2011 1369 2077 Nec
1384 2038 1417 2078 se

375 2106 386 2138 ‘
401 2106 594 2189 superstitem
605 2104 673 2177 filiae
685 2106 817 2167 futurum
833 2106 934 2182 fuisse,
946 2105 1004 2166 uisi
1017 2125 1103 2187 spem
1117 2103 1297 2167 ulciscendae
1312 2103 1418 2165 mortis

375 2194 387 2226 ‘
402 2190 466 2273 ejus
482 2192 513 2253 in
528 2191 900 2255 auxilio'commilitonum
915 2192 1080 2253 habuisset.
1125 2188 1188 2251 lllis
1199 2210 1323 2271 ¹quoque
1336 2190 1417 2251 enim

377 2280 387 2313 ‘
402 2279 491 2357 filias,
503 2300 630 2358 sorores,
646 2299 862 2361 congugesque
878 2300 955 2340 esse.
967 2299 1024 2341 nec
1039 2275 1185 2339 cunnfilia
1198 2297 1254 2339 sue
1262 2276 1419 2340 libidinem

378 2365 465 2448 ‘Ap
477 2364 597 2427 Claudii
615 2365 801 2428 exstinctam
826 2386 915 2441 esse;
938 2365 1002 2444 sed,
1026 2385 1086 2446 qno
1116 2363 1284 2448 inpunitior
1305 2364 1358 2443 sit,
1382 2386 1419 2426 eo

380 2453 390 2513 f
405 2452 628 2514 effrenatiorem
635 2452 709 2517 fore.
719 2451 831 2513 Aliena
839 2452 1015 2515 calamitate
1027 2452 1243 2513 documentum
1249 2450 1421 2513 datumillis

378 2541 388 2572 ‘
404 2539 545 2599 cavendae
557 2538 662 2601 similis
675 2536 800 2621 injuriae.
812 2538 896 2620 quod
904 2540 943 2602 ad
952 2559 985 2601 se
995 2538 1144 2616 adtineret,
1153 2558 1279 2599 uxorem
1288 2538 1346 2599 sibi
1355 2537 1420 2599 fato

379 2628 388 2659 ‘
404 2639 556 2708 ereptam:
566 2625 672 2708 filiam,
684 2626 822 2706 quianon
830 2626 1150 2707 ultrapudicavictura
1157 2625 1258 2705 fuerit,
1266 2625 1421 2703 miseram,

378 2713 389 2746 ‘
404 2713 458 2774 sed
470 2712 655 2791 honestaml,
676 2723 807 2774 mortem
822 2712 1013 2774 obcubuisse.
1035 2710 1108 2772 Non
1123 2710 1260 2793 essejam
1275 2711 1366 2793 Appii
1383 2711 1422 2772 li·

378 2799 500 2861 ‘bidini
518 2798 619 2862 locum
645 2799 676 2860 in
689 2799 782 2860 domo
799 2819 864 2874 sua.
884 2799 924 2860 ab
937 2798 1153 2861 aliavioleutia
1171 2796 1235 2879 ejus
1255 2798 1362 2859 eodem
1387 2819 1422 2858 se

379 2886 509 2948 ‘auimo
532 2907 619 2948 suum
646 2905 755 2967 corpus
775 2885 1011 2962 vindicaturum,
1046 2906 1107 2966 quo
1128 2884 1325 2947 vindicaverit
1341 2883 1422 2947 liliae.

379 2971 390 3034 f
406 2970 506 3034 Ceteri
522 2972 628 3036 sibiae
642 2972 744 3034 liberis
760 2973 821 3033 suis
836 2969 1049 3034 consulerent?
1065 2970 1140 3034 Hrec
1156 2969 1295 3052 Virginio
1308 2971 1423 3034 vocife-

317 3121 319 3124 .
379 3058 460 3120 renti
476 3059 687 3120 subclamabat
703 3057 878 3134 multitudo,
893 3059 902 3090 ‘
918 3079 975 3120 nec
986 3058 1066 3120 illius
1076 3058 1184 3136 dolori,
1196 3079 1253 3120 nec
1263 3058 1423 3121 suaeliber·

372 3145 506 3208 {tatise
521 3143 697 3210 delaturos?
732 3143 774 3207 In
793 3145 916 3208 inmixti
937 3146 1034 3208 turbe
1059 3145 1190 3208 rnilitum
1205 3146 1316 3227 togati,
1330 3165 1423 3226 quum

378 3232 485 3294 eadem
511 3231 563 3294 illa
592 3231 756 3314 querendo,
772 3232 970 3313 docendoque
981 3244 1097 3312 quanto
1110 3233 1185 3310 visa,
1201 3253 1293 3313 quarn
1308 3232 1424 3309 audite,

380 3319 552 3399 indigniora
566 3319 721 3401 potuerint
735 3318 843 3396 videri,
866 3318 955 3380 simul
982 3318 1175 3400 profligatam
1185 3317 1253 3400 jam
1267 3340 1332 3381 rem
1347 3339 1425 3380 nun-

381 3405 491 3465 cianda
503 3405 610 3478 Romae
627 3426 692 3466 esse
705 3427 715 3482 3
736 3409 761 3442 ²¹
771 3406 959 3486 insecutique
970 3404 996 3482 ¹¹,
1019 3407 1071 3486 qui
1086 3404 1224 3489 Appium
1238 3423 1333 3489 prope
1344 3406 1425 3468 inte-

381 3503 511 3562 remtum
527 3490 559 3552 in
581 3491 720 3552 exsilium
732 3492 832 3552 abisse
848 3492 995 3569 dicerent,
1009 3492 1214 3575 perpulerunt,
1224 3504 1270 3555 'ut
1284 3493 1325 3553 ad
1339 3513 1427 3553 arma

380 3574 633 3658 conclamaretur,
649 3580 676 3614 ⁹⁵
690 3577 893 3658 vellerentque
913 3579 1011 3659 sigua,
1041 3591 1073 3640 et
1098 3578 1229 3639 Romam
1251 3575 1425 3659 proficisce-

379 3671 493 3724 rentur.
508 3656 679 3723 Decemviri
692 3663 783 3726 simul
792 3663 923 3746 his,qure
933 3664 1087 3742 videbant,
1098 3662 1186 3726 simul
1198 3663 1269 3740 his¹,
1281 3674 1427 3745 qrrreects

477 3819 682 3880 lotGron.Crer.
737 3840 742 3848 ·
775 3819 1335 3883 Ἰιηὲκναωᾴἱιωισεωηοηιὶπᾶ.·Μ8.Ῡιίι11.

377 3932 381 3939 ,
473 3881 639 3948 l‘irrrecatorqne
648 3885 722 3935 Gron.
738 3885 792 3936 MS.
800 3885 879 3936 Veith.
977 3886 984 3920 ¹
995 3888 1022 3936 iit
1033 3888 1109 3939 Grou.
1119 3887 1188 3938 Ger.

299 4025 305 4042 ¹
411 4015 431 4050 2³
449 4015 463 4044 ¹
476 4015 657 4080 emmanuet]
677 4015 891 4080 eomparatur,
921 4028 969 4066 tam
979 4033 1043 4066 erre:
1067 4018 1177 4081 alterum,
1197 4020 1236 4081 qai
1254 4017 1296 4064 boe
1314 4019 1338 4065 in
1355 4027 1428 4064 eastre

381 4080 521 4144 incurritque
534 4084 556 4130 in
568 4082 656 4132 oculos
920 4084 993 4131 secun
1004 4084 1105 4142 fuerant,
1115 4099 1149 4143 et,
1160 4100 1231 4146 quum
1245 4082 1365 4146 imperium
1375 4082 1429 4130 De-

413 4145 434 4176 ⁹⁴
453 4145 600 4211 lrurcutiqru]
623 4147 661 4195 Sic
677 4145 800 4207 legendum
811 4157 889 4196 cenat
921 4149 1042 4196 oemvnate
1052 4150 1076 4197 si
1085 4150 1172 4198 rictum
1178 4151 1303 4209 uidissent,
1317 4160 1430 4208 augentes

383 4205 524 4270 Quarta,
543 4213 658 4275 quomodo
677 4222 702 4260 et
723 4213 747 4260 iu
758 4227 806 4260 uuo
818 4213 888 4261 MSS.
921 4214 1099 4274 mendaciorem,
1109 4216 1180 4264 etiarn
1190 4216 1288 4280 Appium
1299 4216 1323 4262 in
1332 4213 1429 4263 erilium

381 4271 461 4320 heberi
483 4287 590 4326 restatur.
631 4278 688 4326 Duo
709 4275 746 4326 bic
767 4277 889 4326 hommum
917 4278 1001 4327 abibae
1009 4278 1134 4342 jactabunt.
1166 4280 1429 4342 Particulerqaum....

382 4339 661 4449 gpneradininguuntur:
674 4343 825 4406 alternemqui
837 4360 891 4392 cum
920 4345 1026 4392 mules
1042 4361 1111 4394 sensu
1129 4347 1214 4412 accipit
1231 4347 1368 4403 Gronovius,
1384 4361 1431 4409 quo

406 4402 487 4461 irgioio
498 4418 616 4466 uenerant,
637 4423 680 4457 nec
702 4408 762 4458 aliud
781 4410 890 4459 nunciare
920 4409 988 4472 vulgo
997 4411 1082 4460 dieitur
1091 4427 1160 4474 qum
1172 4447 1179 4461 .
1192 4447 1199 4463 .
1212 4447 1220 4463 .
1234 4447 1240 4462 .
1253 4422 1319 4460 tarr.

382 4477 498 4531 meum,
520 4469 655 4522 nillRflm
674 4475 751 4523 omni·
771 4476 890 4524 mmmm
952 4476 973 4509 ,ὁ
991 4474 1006 4504 ᾖ
1022 4475 1288 4544 γάιθθωυιοψ]
1308 4477 1363 4530 vid·
1381 4487 1432 4527 m·

382 4532 459 4597 plena.
475 4547 570 4601 remque
582 4551 663 4602 magns
679 4555 708 4592 ex
721 4551 787 4605 parte
798 4540 891 4605 cancer
920 4541 962 4594 38.
973 4541 1128 4595 retemta.
1214 4581 1225 4592 ,
