3175 5200
381 334 445 399 ἥδ
701 330 1055 395 .ΤῐΤῐΙιῐἮΙ’

219 494 359 549 αωει.
388 496 477 559 urbes
503 504 585 574 suut,
613 493 652 575 (⁸⁷
668 494 751 556 locos
776 504 900 556 tenuere
926 490 1029 573 Libui)
1053 494 1228 561 considunt.
1249 498 1279 537 ⁸⁸
1292 500 1435 582 posthoc

218 563 360 617 Μεθ’
375 574 525 661 'Salluvii
552 602 646 666 prope
661 581 820 663 antiquam
835 593 960 663 gentem
980 579 1082 642 loevos
1102 580 1241 665 Ligures,
1266 585 1435 651 incolentes

388 671 470 733 circa
483 670 626 733 'licinum
650 688 782 730 amnem.
804 666 956 729 ”Peniuo
985 667 1095 729 deinde
1124 668 1195 732 Boii
1220 670 1435 757 Lingonesque

300 794 302 799 ,
387 757 577 840 transgressi,
594 774 687 836 quum
706 753 773 836 jam
803 754 882 815 inter
896 752 1012 815 Pedum
1037 765 1130 837 atque
1144 756 1238 840 Alpes
1263 760 1369 822 omnia
1385 774 1433 823 te.

387 856 540 921 serentur,
581 840 666 905 Pado
685 842 801 903 ratibus
824 838 965 922 trajecto,
990 862 1053 903 non
1078 841 1222 907 Etruscos
1249 847 1353 925 modo,
1378 849 1433 911 sed

385 932 480 993 etiam
504 928 650 1008 Umbros,
679 950 753 1011 egro
776 928 914 1011 pellunt:
937 928 1017 991 iutra
1034 927 1233 1011 Apenninum
1246 944 1351 996 tamen
1366 956 1432 997 sese

385 1030 520 1080 tenuere.
540 1015 621 1079 Tum
648 1013 798 1093 Senones,
823 1014 1024 1077 recentissimi
1042 1016 1238 1097 advenarum,
1261 1020 1303 1081 ab
1317 1019 1432 1083 Utente

387 1105 511 1166 lluurine
534 1123 629 1186 usque
656 1103 695 1164 ad
718 1100 859 1165 ⁴⁰AEsim
889 1101 991 1163 lines1³
1005 1103 1148 1167 habuere.
1187 1102 1277 1167 Hanc
1304 1119 1429 1188 gentem

370 1189 533 1271 Clusium,
548 1190 739 1272 Romamque
754 1189 837 1267 inde,
861 1188 977 1251 venisse
991 1191 1160 1272 comperio.
1186 1191 1219 1253 id
1241 1212 1346 1275 perum
1359 1214 1429 1256 cer-

385 1288 450 1341 tum
467 1293 524 1359 est,
548 1278 695 1357 solamne,
721 1297 761 1338 an
786 1278 825 1338 ab
848 1275 989 1337 omnibus
1020 1276 1246 1360 Cisalpinorum
1272 1277 1427 1343 Gallonrm

275 1380 306 1393 ··
384 1366 505 1450 populis
520 1364 668 1448 adjutam.
698 1362 827 1442 Clusini,
853 1384 931 1424 novo
955 1363 1038 1426 bello
1064 1366 1211 1443 exterriti,
1231 1386 1324 1448 quum
1348 1369 1429 1429 mul·

269 1445 276 1459 ’
303 1513 309 1525 ,
384 1453 560 1531 titudinem,
579 1473 671 1535 quum
698 1450 811 1513 formas
830 1450 989 1512 hominum
1019 1450 1206 1513 invisitatam
1226 1464 1385 1517 cernerent
1398 1465 1431 1516 et

384 1560 480 1623 genus
507 1560 670 1617 armomm‚
695 1538 906 1619 audirentque,
921 1557 1000 1619 saepe
1016 1538 1055 1599 ab
1070 1538 1118 1616 iis,
1145 1538 1189 1600 cis
1205 1537 1321 1602 Padum
1336 1541 1431 1603 ultra-

382 1647 453 1709 que,
483 1626 617 1710 legiones
640 1624 838 1689 Etrusoorum
856 1623 949 1703 fissas,
987 1644 1172 1706 quemquam
1195 1627 1338 1689 adversus
1364 1627 1431 1690 Ro·

383 1734 491 1776 manos
521 1713 637 1787 nullum
667 1713 710 1775 eis
721 1710 771 1794 jus
798 1710 954 1775 societatis
969 1712 1142 1773 amicitiaeve
1163 1724 1238 1790 erat,
1263 1713 1321 1774 nisi
1345 1715 1431 1795 quod

327 1878 331 1885 .
383 1798 528 1864 Veientes
552 1799 792 1882 consanguineos
823 1798 964 1863 adversus
991 1798 1133 1881 populum
1158 1797 1330 1861 Romanum
1361 1821 1426 1862 non

384 1888 601 1967 defendissent,
616 1888 734 1969 legatos
748 1886 891 1961 Romam,
910 1885 962 1967 qui
984 1884 1126 1946 auxilium
1152 1886 1191 1947 ab
1204 1897 1313 1947 senatu
1335 1898 1426 1968 pete-

310 1967 315 1979 '
382 1986 462 2054 rent,
484 1976 601 2037 misere.
643 1973 693 2035 De
716 1973 830 2035 auxilio
852 1970 938 2039 nibil,
952 1971 1142 2053 inpetratum.
1164 1971 1256 2053 legati
1282 1984 1344 2034 tres
1371 1970 1421 2034 M.

216 2096 222 2107 ·
332 2131 339 2148 ι
384 2059 470 2123 Fabii
494 2061 636 2124 Ambusti
674 2060 728 2123 filii
757 2051 862 2137 missi,
891 2058 942 2140 qui
964 2070 1086 2120 senatus
1106 2058 1267 2141 populique
1288 2058 1424 2122 Romani

383 2149 507 2212 nomine
534 2160 659 2232 agerent
673 2169 743 2209 cum
757 2144 864 2224 Gallis,
884 2166 934 2224 ne,
965 2166 985 2205 u
1008 2146 1116 2226 quibus
1141 2145 1255 2206 nullum
1283 2143 1427 2226 injuriam

381 2236 584 2319 accepissent,
606 2236 704 2297 socios
730 2235 835 2318 populi
865 2232 996 2295 Romani
1016 2245 1109 2313 atque
1127 2232 1242 2293 amicos
1265 2232 1425 2317 obpugne-

380 2336 459 2386 rent.
491 2321 638 2385 Romanis
660 2343 712 2385 eos
730 2321 812 2383 bello
826 2341 956 2402 quoque,
979 2318 1005 2379 si
1024 2340 1071 2380 res
1086 2329 1191 2400 cogat,
1205 2318 1334 2380 tuendos
1348 2338 1430 2381 esse.

383 2410 437 2472 sed
456 2410 565 2472 melius
582 2410 689 2486 visum,
704 2408 818 2469 bellum
840 2408 939 2490 ipsum
954 2406 1098 2484 amoveri,
1113 2406 1140 2465 si
1152 2416 1257 2488 posset
1267 2428 1278 2483 3
1308 2417 1341 2467 et
1354 2403 1431 2467 Gal·

382 2496 439 2573 los,
454 2516 566 2558 novam
581 2506 715 2577 gentem,
731 2494 922 2578 pacepotius
937 2492 1093 2575 cognosci,
1108 2513 1201 2574 quem
1217 2493 1320 2555 annis.
1417 2548 1420 2551 ,

637 2591 648 2638 ι
694 2609 695 2612 ¹
1179 2587 1184 2595 .

445 2607 1061 2719 n,rrsnieflmmnmrremfirem.vem.
1094 2615 1401 2725 nemausensem.

380 2790 444 2855 srsnt]
465 2789 631 2840 illustrissimus
653 2789 688 2836 rir
705 2788 781 2852 Scipio
798 2785 889 2846 Maffei,
918 2787 1018 2837 dandum
1040 2799 1086 2846 est,
1110 2787 1223 2852 legemus-
1237 2778 1427 2852 prepter'eodesn

379 2856 437 2905 l.1⁰.
449 2855 523 2920 operis
542 2856 622 2904 lsaliea
640 2855 717 2916 lingua
738 2855 827 2918 scripti,
849 2854 887 2903 cui
918 2869 988 2902 seusu
1005 2869 1051 2916 quo
1067 2870 1141 2915 prope.
1177 2855 1292 2903 Ceterum
1307 2866 1371 2903 totsu
1387 2856 1428 2904 hic

380 2921 507 2971 titulusest
520 2920 733 2978 Ver-onaillastmta,
748 2918 887 2984 mulsispro·
918 2920 983 2968 loeus
1003 2919 1072 2968 torsit
1091 2918 1250 2983 Geograpbos.
1286 2919 1349 2968 lium
1369 2922 1428 2968 rarii
1515 2958 1519 2967 .

380 2986 421 3038 bet
436 2987 555 3036 Veromm
574 2986 819 3036 Cenomanomnrnon
829 2985 887 3033 fuis·
919 2985 987 3033 variis
1007 2985 1146 3049 conjecturis
1167 2984 1366 3048 sollicitaverunt3
1398 2987 1427 3034 ad

380 3067 420 3102 se:
437 3069 480 3101 nec
491 3052 624 3116 spernendis
641 3053 783 3113 argumentis
793 3051 886 3099 convel-
918 3050 1030 3114 liquidum
1055 3051 1187 3099 emendasse
1208 3065 1235 3099 se
1256 3051 1350 3099 contidit
1374 3051 1425 3101 lac.

379 3118 416 3176 lit,
440 3119 549 3182 quidquid
571 3135 585 3167 e
604 3118 718 3167 veteribus
740 3117 887 3180 scripseribus
920 3117 1061 3176 Gronovius,
1087 3128 1115 3165 ι’.
1142 3115 1241 3165 Diem.
1272 3117 1374 3180 Epistol.
1397 3117 1427 3166 sd

379 3183 522 3234 affertur'ad
540 3183 731 3232 contribuendum
748 3183 888 3231 Cenomanis
918 3181 1005 3229 calcem
1024 3196 1054 3230 rr.
1074 3181 1132 3230 tomi
1149 3181 1248 3230 liviani.
1281 3181 1370 3231 Utrum
1389 3198 1428 3231 res

379 3249 441 3298 illem
460 3249 551 3298 urbem.
593 3249 665 3298 Hunc
685 3247 805 3312 speciatim
828 3248 888 3298 Livii
919 3247 941 3296 ei
952 3246 1087 3296 successerit
1098 3263 1128 3295 ex
1137 3247 1264 3304 sententis,
1281 3247 1379 3296 aliorum
1397 3249 1427 3297 n't

379 3313 455 3363 locum
475 3324 568 3372 nectat,
590 3325 614 3362 et
633 3315 789 3376 retingendum
807 3327 887 3362 censet
917 3313 1039 3375 judicium.
1072 3311 1123 3360 Nes
1141 3328 1214 3361 unum
1233 3313 1278 3360 boc
1293 3311 1427 3372 offenditin

378 3394 409 3427 ex
421 3379 505 3436 Plinio,
521 3380 561 3442 qui
579 3377 595 3426 l.
609 3391 647 3427 ιιι.
658 3395 679 3428 c.
693 3380 731 3428 19.
749 3379 849 3427 Brixiam
861 3391 886 3427 et
918 3378 1010 3438 vrrlgsts
1025 3378 1134 3434 lectione,
1152 3380 1214 3440 quod
1232 3377 1300 3426 Libui
1317 3380 1427 3428 dicuntum

380 3443 517 3492 Cremonam
530 3444 669 3490 Cenomanis
685 3443 797 3504 attribuit,
810 3445 886 3492 Vero·
918 3459 958 3491 eos
969 3444 1069 3491 tenuisse
1079 3443 1135 3490 olim
1144 3443 1216 3502 locos,
1230 3443 1269 3506 qni
1284 3443 1425 3492 scenoma-

368 3505 434 3556 'nsrn
445 3508 526 3555 libetis
538 3505 659 3568 Euganeis.
693 3507 740 3556 Hie
759 3510 829 3570 igitur
848 3509 885 3558 iti·
918 3507 954 3556 nis
971 3509 1074 3572 occupati
1095 3521 1168 3568 suun:
1201 3525 1272 3572 quarn
1294 3509 1423 3558 librorum

379 3572 432 3620 dem
446 3572 568 3632 legendum
587 3581 662 3635 putet,
682 3571 720 3620 ali
735 3591 795 3624 uisne
806 3572 886 3621 Bririu
961 3573 1026 3622 ulum
1048 3573 1161 3622 Gallicum
1181 3591 1239 3632 esse,
1259 3586 1284 3623 et
1302 3574 1422 3622 incoluisse

379 3645 401 3683 et
412 3637 518 3686 Cremona
528 3637 591 3684 urbes
605 3646 666 3688 nint.
699 3633 747 3689 Qui
758 3655 809 3688 rem
818 3640 884 3702 peni-
926 3640 1073 3703 oosAlpibus
1083 3638 1184 3703 subjecta
1194 3641 1254 3690 infre
1270 3639 1366 3688 Selmos
1381 3641 1420 3686 in-

379 3703 425 3750 tius
450 3703 562 3766 inspicere
588 3703 693 3766 cupierit,
720 3705 786 3753 adest
810 3705 884 3767 ipsum
916 3704 978 3752 dicet
990 3704 1066 3752 Lisius
1075 3705 1132 3768 ipse,
1143 3705 1161 3752 l.
1173 3718 1230 3755 xxi.
1241 3707 1313 3755 e.·38.
1345 3705 1423 3752 Sallu.

379 3766 460 3816 Malfei
471 3766 625 3816 doctissimum
634 3784 650 3816 o
665 3785 700 3817 us.
915 3771 964 3818 sios
980 3786 1034 3818 cum
1051 3770 1073 3817 J.
1087 3770 1125 3817 Fr.
1138 3770 1256 3818 Grouorio
1265 3769 1425 3820 existimemus

409 3833 433 3871 ³⁷
449 3831 515 3882 locos
533 3841 623 3884 tenuere
642 3786 720 3896 limi]
747 3829 815 3888 Quos
832 3833 884 3896 qui·
915 3836 940 3882 in
959 3850 1044 3884 nomen
1062 3836 1191 3895 Lsesorurn,
1204 3836 1426 3900 quibueseinsmis·

377 3899 431 3948 dem
441 3899 505 3949 locos
514 3909 580 3947 antee
591 3900 703 3949 tenebant
714 3900 789 3948 Libui.
810 3898 883 3949 Cete-
915 3900 1150 3962 communimine.

375 3977 429 4013 rum
440 3978 534 4015 resnou
546 3975 609 4012 caret
624 3964 768 4028 difficultate,
785 3975 813 4013 ut
829 3980 883 4014 snos
947 3967 971 4004 ³⁹
988 3965 1082 4030 Penino]
1099 3967 1168 4028 Jugo.
1203 3968 1369 4016 Undeuonren
1379 3967 1424 4016 Al·

373 4029 486 4086 dicemus,
913 4031 980 4096 pibus
992 4033 1090 4081 inditum
1100 4032 1133 4081 sit
1150 4032 1243 4082 Penirsis
1257 4033 1326 4082 docet
1342 4035 1423 4082 Liuius

357 4095 360 4100 '
410 4095 433 4128 ⁸⁸
449 4095 502 4144 Post
520 4095 557 4142 hor
577 4091 683 4153 Sullrsuii]
715 4091 820 4154 sellarii,
843 4094 882 4156 qui
913 4097 970 4146 ibid.

374 4159 468 4218 mbos
477 4160 597 4217 transiere,
612 4157 879 4221 considnntpmpeonti.
943 4163 968 4195 ⁴⁰
984 4161 1066 4227 AEsiss]
1088 4163 1152 4211 Olim
1170 4163 1276 4212 Adde.
1313 4161 1422 4212 Curexit

376 4236 442 4296 qqnm
461 4234 549 4287 gustem
569 4223 643 4271 hus
668 4221 771 4286 Ligures,
794 4226 843 4273 sire
866 4241 882 4274 e
912 4225 1028 4287 Sigonius,
1042 4227 1425 4292 euisdstipalstursntiquinirnus

376 4285 485 4346 ligarum
501 4304 595 4348 genere,
611 4289 726 4338 incolentes
742 4290 802 4336 droa
821 4289 881 4338 Tici-
912 4292 1022 4341 enostrb
1032 4295 1099 4342 codd.
1117 4293 1200 4343 ceteris
1216 4293 1298 4341 eodem
1316 4293 1425 4342 alluden-

375 4365 430 4397 ssson
447 4367 540 4401 aunem
579 4353 684 4414 Sigonius
707 4363 731 4400 et
751 4351 882 4406 Gronovius
912 4357 984 4406 tibus.
1017 4356 1424 4412 &pessinuntensium

374 4413 458 4466 docent
479 4417 503 4466 in
523 4419 677 4482 compluribus
695 4417 783 4484 scriptis
803 4421 881 4470 heberi
911 4423 1012 4476 divisisse
1024 4422 1322 4479 Gallismseetessltsiis.

371 4489 451 4543 preter
471 4483 594 4548 amman.
640 4481 734 4538 Quibus
754 4484 773 4532 si
794 4486 879 4550 aliquid
