3175 5200
229 597 233 616 ’
329 609 406 773 T}
442 667 616 774 mvn
664 665 1012 774 PATAvrur

508 917 710 1002 LIBER
753 927 841 1003 VII.

558 1119 767 1150 unffi-...-

202 1285 348 1355 ANNUS
363 1290 414 1353 hic
432 1291 490 1354 erit
506 1290 633 1374 Insignis
649 1294 659 1330 ¹
671 1289 741 1353 novi
753 1284 889 1352 hominls
899 1287 1069 1367 consulatu,
1081 1285 1208 1371 insignis
1220 1311 1254 1362 u,
1267 1311 1297 1361 c,
1308 1317 1366 1368 309,

160 1380 245 1441 novis
276 1379 392 1441 duobus
422 1379 662 1462 mdgistratibus,
700 1387 831 1461 praetura
866 1389 898 1439 et
928 1376 1021 1438 curuli
1052 1375 1361 1438 ediliceret-coos.

161 1463 228 1528 Hos
264 1465 320 1529 sibi
349 1467 469 1550 patricii
505 1467 664 1549 quasivero
696 1464 829 1526 honores
860 1485 916 1548 pro
948 1481 1093 1526 concesso
1126 1463 1207 1546 plebi
1220 1447 1249 1500 L.
1262 1445 1363 1562 m

161 1548 257 1616 altero
277 1554 444 1617 consulatu.
489 1551 595 1616 Plebes
619 1551 811 1615 consulatum
836 1550 871 1613 1..
892 1547 1009 1630 Sextio,
1035 1549 1119 1634 cujus
1140 1550 1209 1632 lege
1222 1513 1289 1627 ξω,

160 1652 264 1722 partus
296 1651 372 1720 erat,
406 1639 511 1703 dedit:
550 1639 652 1702 Patres
675 1652 837 1723 praeturam
871 1635 925 1722 Sp.
955 1635 1046 1700 Furio
1076 1632 1124 1699 M.
1146 1637 1208 1699 lilio
1222 1641 1352 1699 Ponenda

161 1723 290 1790 Camillo
301 1752 312 1808 3
336 1727 512 1791 aedilitatem
537 1723 595 1789 Cn.
619 1725 763 1798 Quinctio
781 1723 958 1810 Capitolino
979 1738 1010 1787 et
1036 1721 1070 1786 P.
1091 1709 1301 1824 Come-122¹:l

160 1813 202 1875 lio
226 1809 374 1900 Scipioni,
396 1837 517 1878 suarum
540 1815 688 1898 gentium·
701 1815 783 1893 viris,
804 1813 926 1896 'gratia
947 1810 1110 1960 campestri
1136 1815 1208 1874 ’ce·
1222 1809 1346 1890 pff„

159 1915 280 1983 petunt.
323 1902 359 1965 1..
382 1899 489 1965 Sextio
514 1902 634 1984 collega
663 1923 703 1964 ex
728 1900 867 1964 Patribus
894 1901 983 1963 datus
1042 1894 1209 1962 .AEmilius
1222 1906 1379 1955 ωιῐιιιωιιι.

161 1985 378 2052 Mamercinus.
422 1989 576 2072 Principio
610 1989 682 2050 anni
710 2000 742 2052 et
780 1988 819 2049 dc
854 1983 962 2066 Gallis,
997 2006 1072 2069 quos
1095 1972 1257 2070 'primo¹⁸'
1266 1973 1365 2050 illm

159 2075 277 2158 palatos
293 2086 348 2160 p'er
362 2075 506 2159 Apuliam
522 2075 703 2160 congregari
714 2073 781 2158 jam
798 2075 882 2138 sarna
901 2083 976 2155 erat,
993 2084 1026 2135 et
1042 2072 1079 2136 de
1095 2069 1210 2136 Hemi-
1222 2049 1302 2088 aas.

162 2183 266 2224 comm
290 2163 463 2226 delectione
488 2163 606 2245 agitata
627 2161 754 2225 mentio.
799 2161 901 2234 Quum
917 2161 956 2223 de
980 2161 1129 2224 industria
1144 2178 1211 2224 om-

160 2249 221 2328 nia,
238 2250 367 2332 nequid
392 2273 445 2334 par
466 2251 621 2334 plebeium
643 2249 800 2312 consulem
823 2257 974 2331 ageretur,
995 2248 1212 2332 proferrentur,

162 2335 315 2398 silentium
337 2339 474 2401 omnium
500 2358 600 2401 rerum
617 2359 652 2400 ac
668 2335 788 2420 justitio
809 2335 908 2410 simile
930 2335 1026 2398 otium
1051 2336 1129 2400 fuit:
1154 2336 1212 2399 nisi

161 2418 243 2505 quod
273 2446 335 2487 non
360 2425 546 2509 patientibus
568 2425 697 2488 tacitum
728 2425 868 2504 tribunis,
895 2423 977 2508 quod
1005 2444 1060 2506 pro
1087 2425 1214 2486 consule

160 2531 222 2572 uno
244 2511 365 2594 plebeio
389 2524 451 2576 tres
476 2512 621 2598 patricios
637 2512 847 2596 magistratus,
870 2511 1022 2573 curulibus
1038 2510 1119 2572 sellis
1134 2532 1210 2594 prae-

160 2609 296 2663 textatos
321 2612 478 2684 tamquam
501 2601 639 2665 consules
663 2599 814 2679 sedentes,
837 2599 982 2663 nobilitas
995 2598 1062 2661 'sibi
1085 2597 1208 2659 sumsis-

159 2696 218 2765 set,
239 2696 399 2771 praetorcm
423 2689 546 2771 quidem
568 2688 662 2752 etiam
680 2686 752 2771 jura
774 2688 964 2766 reddentem,
987 2697 1019 2748 ct
1037 2685 1210 2767 ‘collegam

160 2774 344 2857 consulibus,
367 2786 459 2860 atque
482 2776 590 2839 iisdem
614 2774 755 2859 auspiciis
770 2786 920 2855 creatum,
942 2773 1124 2836 verecundia
1138 2772 1210 2834 inde

160 2860 294 2943 inposita
328 2876 376 2924 est
406 2864 524 2926 senatui
559 2868 599 2925 erl
631 2860 771 2925 Patribus
798 2861 927 2944 jubendi
960 2860 1060 2923 adiles
1091 2860 1209 2922 curules

161 2948 267 3010 creari.
290 2948 400 3031 primo,
415 2962 450 3011 ut
465 2950 590 3012 alternis
606 2948 692 3010 annis
708 2949 850 3032 explebe
865 2948 983 3027 fierent,
1005 2950 1207 3011 conienerat:

160 3044 268 3114 postea
291 3036 496 3116 promiscuum
521 3036 589 3097 fuit.
634 3033 721 3114 Inde,
745 3032 781 3096 L.
796 3033 935 3097 Genucio
961 3034 1056 3107 etQ.
1081 3033 1362 3101 Serviliov.c.3uo.

161 3118 345 3200 consulibus,
377 3134 409 3187 et
438 3123 476 3185 ab
507 3122 657 3187 seditione
675 3134 721 3196 ,et
743 3144 763 3185 a
793 3122 875 3187 bello
906 3122 1016 3205 quietis
1044 3114 1148 3201 rebus,
1169 3114 1363 3185 nest-⁰³⁶²·

160 3206 283 3287 quando
315 3230 335 3269 a
365 3220 448 3271 metu
476 3230 511 3271 ac
542 3209 682 3293 periculis
713 3221 868 3289 vocarent,
897 3210 1073 3293 pestilentia
1100 3210 1208 3293 ingens
1220 3181 1375 3298 ffiffll

13 3353 18 3361 ,
104 3386 108 3395 ,
160 3302 238 3357 orta.
282 3292 458 3376 Censorem,
499 3296 619 3359 aedilem
651 3297 797 3387 curulem,
833 3310 896 3360 tres
933 3297 1070 3360 tribunos
1110 3298 1288 3381 plebiscoo.

164 3512 166 3519 y
195 3450 389 3532 ¹Non'lombn'r]
410 3452 485 3505 Novus
501 3454 561 3505 ἢοιιο
578 3454 667 3507 diceba·
700 3456 803 3519 ιιιιρίιὶίι
823 3451 933 3517 mura]
969 3454 1026 3504 ldeo
1046 3454 1131 3518 collega
1153 3473 1209 3506 con-
1297 3488 1302 3496 ·

159 3530 208 3582 tur,
225 3519 319 3585 cujuse
339 3520 460 3585 majoribus
476 3538 546 3571 nemo
564 3522 667 3573 curulem
699 3522 785 3571 rullbuc
804 3520 922 3570 dicebatur
939 3531 1032 3587 praetor,
1055 3523 1108 3585 quir
1129 3523 1209 3572 iisdem

160 3583 315 3646 magistratum
326 3599 435 3649 gestent,
450 3590 490 3652 qui
501 3587 667 3637 nullambrbe·
700 3588 804 3653 auspiciis
823 3589 952 3649 dabatur,
970 3599 997 3637 uc
1014 3586 1082 3637 docet
1100 3588 1210 3639 Messalla

158 3652 198 3699 bat
210 3652 306 3715 proinde
318 3651 435 3716 majorum
446 3654 575 3716 imaginem.
607 3650 669 3703 Nouo
699 3654 758 3717 apud
779 3652 842 3702 Gell.
866 3664 926 3703 χιιι.
951 3652 989 3703 ll.
1028 3652 1115 3703 lisdem
1131 3666 1210 3703 autem

158 3716 241 3779 lprnini
334 3719 415 3769 ebatur
430 3720 514 3769 rutilis.
545 3719 599 3769 vu.
617 3730 666 3769 not.
699 3719 805 3783 auspiciis
822 3718 902 3778 muri,
927 3734 975 3769 uon
996 3725 1032 3769 cst
1054 3718 1135 3767 iisdem
1156 3730 1209 3767 ran.

159 3780 272 3835 57.adc.
300 3784 381 3835 l.l.r.
700 3798 751 3833 rum
772 3784 882 3847 comiciis,
902 3786 942 3833 sed
964 3785 1035 3833 etism
1054 3784 1159 3849 aptatis,
1182 3798 1210 3833 ut

190 3846 203 3881 ⁸
231 3846 314 3899 Grutiu'
334 3844 459 3917 maruan]
490 3851 552 3901 uui-
577 3848 676 3901 oomitis'
700 3850 800 3909 videtur,
816 3852 898 3901 eodem
915 3850 985 3899 modo
1001 3866 1027 3899 ac
1044 3849 1090 3899 ritu
1106 3850 1211 3913 auspiciis

159 3916 296 3976 centuriata,
317 3916 398 3980 quibus
419 3917 534 3979 consuler,
554 3929 671 3982 maturas,
701 3916 781 3974 creari,
812 3918 960 3981 circumque
984 3932 1075 3965 camma
1103 3917 1210 3981 ejusdem

160 3994 266 4031 censores
294 3985 440 4065 arcebuntur,
466 3985 610 4035 habebantur
645 3984 669 4063 lu
701 3982 785 4031 ordinis
817 3998 853 4060 sc·
866 3982 960 4061 generis
986 3980 1084 4047 suspicis
1114 3982 1210 4032 habers.

159 4046 673 4181 ‘illluMpillldidiollil‘ill‘ll'
703 4047 1212 4181 luttttttltbssttffomt

159 4190 227 4226 nores
244 4178 287 4227 sibi
305 4181 355 4245 quis
373 4182 450 4233 aliisve
469 4178 575 4246 apopulo
586 4196 668 4230 conte·
702 4178 795 4231 locon.
808 4180 880 4228 Gellii
890 4196 958 4245 supra
976 4193 1113 4241 memorato,
1130 4196 1211 4243 quam·

162 4244 281 4304 qusbstur.
702 4246 744 4307 vis,
764 4244 804 4294 ubi
820 4246 908 4295 diversa
928 4246 955 4296 i'u
973 4248 1071 4323 auspicia
1090 4246 1211 4309 concinge-

193 4304 204 4340 ³
224 4308 343 4380 ceperant]
362 4308 496 4364 lib'eceruut
513 4325 540 4363 ut
558 4312 669 4378 Capitoli·
701 4324 763 4371 rent,
788 4312 909 4361 corradum
940 4310 1038 4375 acupicta
1069 4310 1139 4373 uagis
1162 4324 1212 4360 rata

159 4384 240 4422 nutet
253 4374 329 4440 Scipio
338 4392 454 4443 caperem.
490 4377 667 4431 Quidsmlibrir
701 4389 795 4427 susat:
813 4380 880 4443 cuju
896 4377 933 4429 rei
950 4376 1038 4439 iusim
1053 4378 1213 4429 corronium

159 4438 278 4491 dedet-um.
702 4437 1113 4513 extramundanum

188 4488 205 4571 l
228 4502 340 4577 coleron
359 4507 491 4583 maru,
511 4523 577 4583 unu
593 4498 669 4568 idm
