3175 5200
528 372 808 438 mancias.
1141 382 1199 449 ssi

156 530 267 615 gentis,
296 550 423 617 quonum
451 532 605 607 nerninem
636 532 746 597 ducem
774 542 931 615 sperneret
954 531 1095 616 egregius
1124 534 1193 616 qui·
1208 544 1241 597 u,
1254 545 1351 601 cars.

157 619 288 683 buslibet
306 621 492 703 temporibus
515 622 541 667 ⁷⁸
557 632 690 699 senatus,
710 618 806 698 ibant,
825 618 915 681 unius
937 619 1057 683 familia
1079 611 1343 685 viatusbcffl·

157 702 278 775 Veienti
294 707 407 791 populo
428 718 545 791 pestem
569 707 755 769 minitantes.
800 702 989 786 Sequebatur
1002 708 1100 786 turba,
1117 729 1192 792 pro-

157 793 223 874 pria
256 794 317 856 alia
352 804 553 875 cognatorum
585 793 805 875 sodaliumque,
841 792 918 853 nibil
952 794 1098 872 medium,
1136 816 1194 858 nec

157 900 254 961 spem,
280 901 473 958 neccaram,
500 881 554 943 sed
581 879 719 943 inmensa
746 878 850 941 omnia
868 878 1051 940 volventium
1071 880 1194 959 animo,

157 965 219 1027 alia
232 969 258 1012 77
269 967 400 1049 publica,
422 966 626 1031 sollicitudine
645 967 790 1045 excitata,
816 965 928 1027 favore·
941 976 975 1026 et
994 965 1195 1028 admiratione

156 1062 280 1133 stupens
285 1075 296 1130 3
312 1051 668 1133 ‘ireiortes,ireselices'
680 1051 803 1133 jubent,
818 1050 963 1133 ‘inceptis
974 1060 1099 1113 eventus
1108 1072 1196 1133 pares

103 1158 109 1171 ·
156 1136 168 1170 ‘
182 1138 308 1201 reddere
321 1162 329 1202 r
347 1142 521 1205 consulatue
532 1139 604 1201 inde
616 1160 653 1200 ac
663 1138 845 1218 triumphos,
857 1137 962 1199 omnia
972 1136 1196 1219 pratariaabse,

156 1222 288 1287 ‘omnes
300 1227 431 1287 honores
446 1221 588 1306 sperare.'
617 1222 867 1285 praetereuntibus
881 1222 1067 1303 Capitolium
1079 1242 1196 1285 arcem·

155 1330 214 1391 que
232 1322 264 1373 et
280 1311 341 1373 alia
357 1311 483 1392 templa,
495 1308 642 1391 quidquid
656 1308 791 1371 Deorum
807 1308 915 1386 oculis,
930 1308 1079 1390 quidquid
1094 1308 1197 1371 animo

155 1396 302 1474 obcurrit,
323 1407 495 1479 precantur,
516 1395 640 1457 utillud
655 1415 766 1477 agmen
781 1394 912 1457 faustum
934 1405 1024 1474 atque
1036 1393 1111 1457 felix
1125 1395 1197 1457 mit-

155 1493 235 1559 tant,
250 1482 380 1565 sospites
402 1484 483 1545 brevi
503 1483 535 1543 in
555 1482 692 1564 patriam·
706 1480 746 1543 ad
766 1492 907 1564 parentes
928 1481 1100 1543 restituant.
1144 1479 1196 1543 ln·

156 1588 277 1631 cassrun
302 1570 401 1632 missae
426 1590 540 1652 preces.
594 1566 710 1631 infelici
735 1567 784 1629 via
812 1569 839 1614 ⁷⁰
858 1562 975 1630 dextro}
991 1566 1074 1630 Jauo
1100 1578 1194 1649 portae

157 1652 360 1717 Carmentalis
389 1656 529 1737 proiecti,
557 1654 596 1717 ad
623 1653 800 1717 Cremeram
827 1654 939 1716 flumen
960 1654 1146 1736 perveniunt.
1169 1654 1196 1715 is

155 1752 353 1891 titini
371 1743 566 1891 italiis.
581 1739 820 1891 {titini
835 1740 997 1906 m
1019 1737 1351 1927 inritam&

155 1915 317 2063 rimu
332 1915 651 2065 partasius
671 1914 738 2063 ‘lt
758 1935 826 2063 {a
845 1914 884 1975 *¹
902 1998 1338 2063 a...

128 2031 132 2042 ¹
1208 2028 1223 2057 V

156 2107 230 2167 ager
245 2085 387 2150 Romano
405 2024 536 2170 adjlcdl,
559 2107 614 2149 sua
637 2047 705 2150 t’uta
718 2087 834 2166 omnia,
845 2020 969 2148 riengilesta
984 2019 1130 2164 bladum,
1144 2107 1198 2148 va·

155 2184 265 2253 gentes
294 2194 349 2255 per
374 2185 536 2256 utrumque
565 2176 668 2253 finem,
695 2174 806 2235 iecere.
861 2171 1057 2235 Intervallum
1086 2173 1199 2235 deinde

156 2259 240 2321 baud
256 2280 401 2341 magnum
418 2261 666 2343 populationibus
680 2259 756 2323 fuit:
780 2260 852 2322 dum
873 2271 906 2322 et
925 2257 1081 2338 Veientes,
1096 2259 1198 2321 adcito

156 2364 197 2405 ex
224 2342 346 2408 Etruria
380 2348 526 2425 exercitu,
556 2346 727 2429 praesidium
758 2344 907 2409 Cremera
935 2348 1133 2427 obpugnant3
1168 2355 1201 2407 et

155 2430 304 2493 Romana
327 2432 474 2513 legiones,
493 2432 591 2497 ab‘L.
614 2431 742 2495 AEmilio
768 2431 900 2495 consule
926 2432 1075 2508 adducta,
1101 2431 1198 2492 comi·

156 2538 214 2580 nus
238 2538 308 2579 cum
331 2518 468 2581 Etruscis
492 2520 640 2583 dimicant
657 2519 732 2581 acie.
760 2538 943 2599 quamquam
959 2518 1023 2578 'vix
1047 2516 1197 2597 dirigendi

155 2604 255 2666 aciem
270 2606 400 2686 spatium
416 2603 595 2669 Veientibus
618 2606 686 2668 brit.
709 2606 786 2668 adeo
808 2606 888 2666 inter
911 2603 1042 2686 primam
1062 2603 1197 2685 trepida-

155 2691 284 2769 tionem,
309 2694 335 2738 ⁷⁹
356 2693 430 2754 rium
458 2704 529 2778 post
558 2692 645 2774 signa
668 2693 791 2754 ordines
812 2692 979 2767 introeunt,
1004 2689 1198 2770 subsidiaque

156 2777 271 2856 locant,
296 2777 416 2841 invecta
435 2780 536 2841 subito
555 2779 594 2841 ab
614 2779 707 2840 latere
725 2778 869 2840 Romana
891 2777 1028 2858 equitum
1052 2777 1111 2854 ala,
1135 2796 1198 2839 non

155 2865 399 3014 illiniti.
414 2864 687 3029 uiuunt
714 2862 1072 3029 strinientur,
1086 2862 1198 3030 isli.

156 2996 309 3120 supplices
326 3049 446 3118 petunt.
461 3036 547 3118 cujus
567 3037 735 3119 inpetrata,
766 3037 805 3097 ab
824 3036 918 3098 insita
939 3036 1050 3098 animis
1065 3032 1199 3114 levitate,

157 3133 230 3183 ante
246 3122 411 3192 deductum
423 3123 568 3186 Cremera
581 3121 756 3184 Romanum
771 3122 956 3202 praesidium,
970 3121 1124 3202 poenituit.

201 3205 237 3268 L.
259 3204 374 3268 Rursus
389 3229 458 3270 cum
474 3207 576 3268 Fabiis
594 3220 661 3269 erat
677 3205 800 3268 Veienti
816 3207 941 3288 populo,
961 3207 1027 3266 sine
1049 3206 1113 3266 ulio
1134 3225 1200 3266 ma·
1212 3209 1275 3288 Petit
1285 3208 1344 3285 Vet-

152 3292 232 3376 joris
249 3292 322 3354 belli
343 3294 502 3375 adparatu,
528 3302 706 3354 certamen:
731 3311 787 3352 nec
802 3302 890 3352 erant
905 3291 1092 3352 incursiones
1108 3289 1201 3352 modo
1212 3288 1301 3324 maun
1311 3289 1357 3324 '¹⁰‘

157 3380 190 3441 in
214 3399 314 3460 agros,
335 3390 388 3440 aut
407 3379 498 3440 subiti
523 3377 645 3460 inpetus
667 3377 897 3453 incursantium,
917 3376 972 3438 sed
987 3376 1147 3458 aliquoties
1160 3400 1202 3441 ae·
1212 3353 1282 3392 Μ’

158 3487 220 3548 quo
234 3485 345 3549 campo
360 3465 549 3548 conlatisque
574 3463 668 3546 signis
687 3471 848 3524 certatum.
863 3481 997 3546 gensque
1020 3483 1082 3525 una
1096 3464 1201 3547 populi

156 3551 290 3616 Romani
316 3573 394 3634 sape
419 3572 457 3614 ex
478 3549 720 3634 spuentissima,
743 3560 779 3611 ut
798 3560 863 3611 turn
887 3561 1051 3626 reserant,
1075 3548 1203 3614 Etrusca

157 3639 281 3702 civitate
311 3637 469 3701 notoriam
496 3638 575 3700 tulit.
620 3635 656 3698 ld
682 3637 781 3720 primo
812 3637 953 3722 acerbum
984 3637 1201 3721 indignumque

190 3793 213 3833 ⁷⁶
228 3793 332 3859 Motae]
343 3793 422 3844 Multo
432 3793 503 3855 magis
515 3795 615 3858 placeret
629 3809 666 3842 ea·-
699 3794 750 3841 dam
762 3792 921 3857 quuiioruice
931 3807 974 3858 per
985 3808 1055 3857 quera
1064 3793 1102 3843 ris
1117 3803 1203 3857 pateat.

155 3863 250 3909 eruitur:
272 3863 332 3923 quod
354 3860 414 3907 Ten.
433 3859 506 3907 Fshro
524 3871 549 3908 et
569 3857 667 3923 Dujsrio
697 3857 780 3908 Cicero
805 3859 824 3906 1.
836 3873 866 3908 u.
892 3859 922 3906 de
944 3858 1002 3908 Nat.
1029 3861 1092 3907 deor.
1117 3873 1143 3906 a.
1161 3859 1202 3906 67.

156 3925 241 3975 visam
274 3924 665 3976 ond.u.1·'at.v.aua.asun
699 3923 844 3973 Tarsenses
881 3925 960 3986 perric
987 3923 1048 3974 Just
1088 3923 1202 3971 dicuutur.

155 3991 232 4039 Fabiis
241 3991 353 4054 loquens:
374 3990 466 4054 Equeis
479 3987 583 4052 drtefieri
597 3989 664 4052 quili-
696 3988 849 4037 Canneatelis
863 3987 938 4066 igitur
954 3997 1020 4052 porta
1045 3989 1113 4063 duos·
1127 4000 1203 4038 tresve

156 4057 468 4168 inVll'dblibasollicitnd'
500 4118 662 4184 ncitotsqlix-
695 4051 1028 4184 daebltlrlirlimpdelldctlmslllull⁸
1043 4051 1204 4166 Vibiltlpsld

157 4186 439 4250 cnstsmprosequendos
482 4185 539 4246 bias,
559 4184 662 4248 nonpri.
695 4197 775 4234 censet
791 4185 840 4232 Jsc.
859 4183 934 4233 Grau.
950 4183 977 4231 in
995 4179 1116 4231 Disscmt.
1134 4181 1202 4244 epist.

158 4252 217 4300 vatis
227 4250 438 4308 necessitudinibus,
455 4252 495 4300 sed
513 4250 662 4300 sollicitudine
696 4252 730 4297 2⁸.
744 4251 771 4297 sd
782 4249 868 4298 calcem
879 4250 937 4296 tomi
947 4262 975 4297 n.
983 4247 1076 4296 liviani.
1107 4245 1166 4294 Vide
1175 4257 1201 4294 et

158 4316 187 4362 ad
196 4313 358 4378 rempublicam
368 4327 493 4380 spectante.
549 4371 551 4376 ¹
695 4311 1024 4362 Maniniuminrocelcser.

191 4379 216 4414 ⁷⁸
231 4379 314 4428 Dmrs
320 4381 389 4444 Jono]
403 4380 447 4428 Per
454 4383 560 4431 dextrum
569 4381 663 4442 lanum,
726 4380 749 4416 ⁷⁹
764 4377 828 4426 Duas
842 4381 962 4443 praesigna
978 4378 1063 4426 odisee
1076 4373 1201 4438 introeant]

158 4445 338 4494 siverrmsitum
349 4447 592 4510 pontecarmentelis.
623 4449 662 4495 la·
694 4444 998 4506 Dumordioes,sequeates
1006 4442 1201 4508 egnqproteaat

158 4523 204 4558 nas
221 4510 282 4560 ensa
299 4511 413 4560 interdurn
431 4514 530 4563 sumbus
545 4527 587 4576 pro
604 4527 661 4574 quo
694 4510 805 4567 inlocum
815 4510 1047 4575 pugnaedespioarum,
