3175 5200
545 403 622 465 ura.
636 372 687 464 vr.
707 402 789 469 cnr.
803 398 902 465 xxu.
1189 402 1249 471 ars

202 560 346 645 populum
362 570 423 623 estr
445 568 486 637 et,
500 558 704 643 nequidquam
724 558 966 621 dissuadentibus
988 557 1116 640 tribunis
1138 558 1247 642 plebis,
1258 566 1293 617 u.
1306 568 1336 619 e.
1346 566 1405 619 aru.

202 668 307 711 omnes
320 648 416 710 tribus
436 646 546 708 bellum
568 644 730 727 jusserunt.
773 644 964 739 Adparatum
978 666 1017 707 eo
1037 664 1118 707 anno
1132 646 1248 709 bellurn
1261 634 1290 685 κ
1302 634 1332 682 ⁰·
1343 636 1400 685 ³⁸⁰·

203 745 269 813 est3
305 735 453 796 exercitus
485 742 609 816 propter
642 732 847 815 pestilentiam
880 752 943 793 non
983 732 1119 793 eductus.
1150 752 1248 816 enque

202 820 357 883 cunctatio
378 819 493 881 colonis
515 820 645 901 spatium
669 817 797 879 dederat
818 816 1003 901 deprecandi
1025 829 1182 898 senatum3
1217 832 1250 883 et

202 926 315 989 magna
335 907 492 968 hominum
514 926 584 987 pars
606 926 654 983 eo,
677 916 711 965 ut
732 904 846 987 legatio
874 904 1001 987 supplex
1020 902 1161 966 Romam
1175 908 1249 968 mit·
1283 974 1291 991 .

203 1005 326 1071 teretur,
357 992 543 1054 inclinabat:
575 992 606 1053 ni
638 992 756 1074 privato
792 989 840 1069 (ut
861 990 909 1070 fit)
938 989 1072 1073 periculo
1093 992 1250 1072 publicum

193 1080 382 1161 implicitum
398 1090 488 1157 esset,
511 1089 709 1159 auctoresque
725 1077 905 1139 defectionis
928 1078 968 1138 ab
990 1076 1148 1155 Romanis,
1167 1089 1251 1141 metu

201 1186 250 1244 ne,
269 1166 325 1228 soli
346 1166 465 1227 crimini
486 1164 627 1246 subjecti,
650 1164 772 1247 piacula
794 1165 845 1226 ine
868 1162 1078 1226 Romenonrm
1102 1163 1252 1227 dederen-

203 1264 262 1329 tur,
278 1254 456 1314 avertissent
477 1251 614 1313 colonias
637 1272 656 1311 a
678 1250 812 1312 consiliis
836 1251 930 1333 pacis.
974 1248 1082 1331 Neque
1098 1250 1130 1311 in
1145 1262 1253 1313 senatu

201 1338 299 1400 solum
321 1360 375 1421 per
397 1360 448 1401 eos
470 1336 584 1419 legatio
607 1337 745 1420 inpedita
766 1347 822 1415 est,
853 1337 909 1398 sed
930 1357 1043 1419 magna
1064 1357 1134 1420 pars
1155 1336 1253 1420 plebis

201 1424 339 1502 incitate,
364 1437 400 1486 ut
431 1424 598 1506 praedatum
628 1424 660 1485 in
690 1444 797 1505 agrurn
822 1421 998 1486 Romanurn
1027 1423 1157 1486 exirent.
1186 1424 1252 1486 lroec

201 1530 280 1571 nova
302 1508 412 1592 injuria
435 1510 606 1572 exturbavit
628 1530 751 1572 omnem
777 1531 863 1590 spem
887 1511 984 1591 pacis.
1028 1508 1077 1578 De
1093 1508 1252 1572 Praenesti-

201 1616 308 1657 norum
340 1616 460 1678 quoque
492 1596 664 1658 deiectione
693 1616 729 1657 eo
762 1614 843 1656 anno
865 1593 996 1677 primum
1018 1592 1101 1655 sarna
1122 1604 1252 1656 exortat

203 1683 456 1764 arguentibusque
489 1704 542 1745 eos
574 1680 766 1758 Tusculanis,
798 1693 831 1743 et
857 1678 995 1758 Gabinis,
1026 1690 1059 1741 et
1081 1677 1251 1759 Lauicanis,

201 1787 328 1847 quonrm
353 1771 385 1831 in
409 1769 484 1831 lines
507 1770 692 1831 incursatum
708 1778 783 1845 erat,
799 1767 876 1828 ”ita
890 1765 1010 1849 placide
1026 1766 1066 1827 ab
1080 1775 1187 1827 senatu
1202 1788 1251 1828 re·
1310 1834 1317 1845 .

200 1873 344 1935 sponsum
368 1866 425 1933 est,
447 1866 481 1917 ut
500 1854 600 1916 minus
616 1855 698 1916 credi
714 1854 752 1915 de
769 1853 956 1931 criminibus,
979 1852 1052 1934 quia
1075 1851 1192 1915 nollent
1214 1872 1252 1916 ea
1344 1876 1349 1885 ·

200 1958 270 2001 vera
284 1960 359 2019 esse,
374 1940 545 2022 adpareret.

242 2023 346 2087 XXll.
369 2023 544 2106 Insequenti
577 2046 657 2087 anno
688 2023 743 2108 Sp.
774 2032 808 2087 et
840 2022 876 2086 L.
898 2023 1021 2109 Papirii,
1043 2025 1114 2087 novi
1136 2024 1250 2087 tribtmi
1263 2030 1403 2081 uesta

200 2111 329 2173 militum
354 2112 503 2174 consulari
523 2122 688 2195 potestate,
711 2109 1002 2193 Velitras-legiones
1017 2112 1149 2188 duxere3
1174 2097 1403 2191 qua-⁴⁸·⁰·³⁷⁹·

199 2208 270 2259 tuor
293 2198 416 2280 collegis
439 2195 506 2260 Ser.
530 2196 673 2259 Cornelio
696 2195 910 2278 Maluginense
929 2208 1079 2279 quartum,
1093 2196 1133 2267 Q.
1149 2162 1370 2291 Servi-&ff

201 2282 254 2361 lio,
269 2282 334 2346 Ser.
351 2282 497 2366 Sulpicio,
523 2282 591 2345 ⁰⁸1.
606 2281 734 2361 AEmilio
759 2295 912 2364 quartum,
935 2284 1064 2346 tribunis
1088 2282 1127 2345 ad
1147 2284 1249 2366 praesi-
1262 2289 1418 2343 aarum

202 2368 286 2431 dium
310 2371 402 2448 urbis,
426 2380 458 2432 et
483 2371 508 2432 si
534 2371 584 2453 qui
609 2390 648 2431 ex
671 2369 792 2431 Etnrria
815 2369 885 2432 novi
910 2382 1011 2432 motus
1025 2369 1249 2449 nunciarentur,

204 2454 321 2532 (omnia
346 2457 426 2518 enirn
457 2456 528 2518 inde
551 2466 691 2538 suspecta
723 2455 822 2535 erant)
855 2456 978 2519 relictis.
1033 2456 1084 2518 Ad
1116 2452 1250 2518 Velitras

200 2542 341 2605 odoenus
362 2541 478 2625 majora
510 2562 588 2626 pene
619 2542 731 2604 auxilia
753 2541 1013 2621 Pranestinorum,
1036 2562 1127 2624 quam
1149 2543 1249 2624 ipsam

200 2627 377 2690 colonorum
407 2629 644 2708 multitudinem,
678 2627 812 2690 secundo
843 2628 951 2710 proelio
981 2640 1151 2711 pugnaturn
1178 2642 1247 2707 est;
1260 2633 1375 2713 Veliterni

200 2713 243 2774 ita
255 2727 291 2776 ut
305 2715 515 2798 propinquitas
538 2716 620 2778 urbis
643 2715 724 2776 hosti
743 2726 774 2775 et
794 2735 903 2776 caussa
917 2716 1090 2776 maturioris
1106 2714 1194 2796 luga,
1217 2727 1250 2779 et
1261 2711 1325 2748 Μ’·

198 2819 291 2860 unum
323 2821 361 2863 ex
392 2801 465 2883 luga
495 2801 719 2885 receptaculum
748 2813 838 2864 esset.
882 2801 997 2884 Oppidi
1020 2802 1249 2885 obpugnatione

198 2886 311 2948 tribuni
342 2887 514 2950 abstinuere
526 2911 536 2966 ;
568 2889 640 2970 quia
661 2897 693 2949 et
714 2907 827 2970 anceps
849 2898 927 2966 erat,
949 2908 1006 2950 nec
1029 2889 1061 2950 in
1082 2889 1249 2972 perniciem

199 2972 324 3034 coloniae
357 2974 554 3056 pugnandum
588 2975 762 3036 censebant.
813 2973 923 3037 Literae
944 2973 1076 3036 Romam
1099 2977 1138 3036 ad
1159 2994 1248 3036 sena-

198 3066 263 3116 tum
285 3077 355 3119 cum
377 3059 510 3120 victorie
532 3061 660 3136 nunciis,
692 3061 822 3121 acriores
844 3060 875 3121 in
897 3059 1125 3138 Praenestinum,
1155 3080 1248 3140 quam

198 3141 228 3200 in
261 3139 449 3204 Veliternum
483 3146 614 3222 hostem,
645 3144 752 3205 missae.
795 3143 903 3224 Itaque
925 3165 964 3205 err
986 3146 1249 3207 senatusconsulto

197 3227 363 3308 populique
390 3227 475 3308 jussu
507 3229 620 3290 bellurn
653 3227 841 3290 Praenestinis
874 3228 1046 3292 indictum:
1078 3230 1141 3310 qui,
1173 3249 1247 3290 eon-
1261 3246 1406 3300 marna

195 3309 294 3393 juncti
316 3310 445 3389 Volscis,
469 3333 550 3374 anno
572 3314 751 3392 insequente
774 3309 937 3387 Satricum,
968 3313 1119 3373 coloniam
1141 3313 1247 3395 populi
1260 3311 1348 3390 hyllum
1357 3315 1393 3362 'm-

199 3397 331 3459 Romani
343 3398 539 3480 pertinaciter
553 3417 572 3460 a
586 3397 702 3459 colonis
718 3397 885 3474 defensam,
900 3397 929 3457 vi
945 3410 1167 3480 expugnarunt,
1189 3399 1245 3461 foe-
1258 3379 1355 3430 ΜΨ·

199 3485 296 3564 deque
319 3483 350 3544 in
377 3484 650 3564 captisexercuere
663 3483 834 3546 victoriam.
878 3481 956 3545 Fani
980 3505 1045 3546 rem
1065 3507 1145 3568 egre
1165 3487 1244 3570 passi
1259 3492 1293 3541 U.
1306 3492 1403 3541 ΜΗ.

198 3569 340 3648 Romani,
363 3568 410 3631 M.
434 3567 556 3630 Larium
580 3567 744 3631 Camillum
758 3571 922 3652 septimum
937 3572 1088 3634 tribunum
1112 3573 1243 3636 militurn
1257 3557 1289 3605 Α·
1301 3556 1399 3634 ΨΘ·

199 3677 348 3719 creavere.
362 3655 459 3718 additi
475 3656 598 3738 collegae
621 3655 660 3718 A.
684 3666 717 3718 et
730 3655 764 3718 L.
780 3655 928 3720 Postumii
943 3658 1141 3740 Regillenses,
1157 3681 1193 3722 ac
1208 3658 1245 3722 L.
1258 3619 1375 3736 affl

198 3741 316 3819 Furius,
343 3763 411 3804 curn
439 3740 473 3804 L.
496 3741 649 3806 Lucretio·
662 3755 694 3805 et
718 3741 765 3804 M.
787 3742 883 3805 Fabio
896 3743 1056 3807 Ambusto.
1100 3744 1413 3808 volscunvuaao.

199 3827 373 3892 bellumM.
390 3828 481 3890 Furio
496 3841 583 3891 extra
605 3829 742 3891 ordinem
763 3829 928 3894 decretum.
944 3831 1065 3912 adjutor
1087 3851 1127 3894 ex
1147 3832 1245 3893 tribu·
1258 3816 1314 3929 ξιξ·

199 3916 245 3976 nis
269 3926 349 3977 sorte
373 3913 408 3977 L.
429 3913 534 3976 Furius
559 3915 668 3992 datur3
694 3919 775 3984 ¹non
788 3928 853 3978 tam
878 3939 896 3979 e
920 3918 1084 3999 republica,
1104 3929 1247 3998 quarunt
1258 3895 1376 3996 popm,

199 4002 323 4082 collegae
347 4003 473 4064 materia
498 4001 536 4062 ad
563 4022 685 4064 omnem
707 4003 828 4064 laudern
843 4015 923 4066 esset
930 4025 941 4081 3
964 4007 1017 4067 ’et
1030 4004 1149 4086 publice
1164 4003 1247 4085 quod

229 4133 328 4183 ⁹⁸'Ilo
337 4135 492 4199 placidam]
505 4135 595 4184 Placide
606 4137 709 4200 quidem,
737 4137 851 4187 Panicula
871 4147 899 4186 ut
920 4148 1015 4187 eventus
1035 4136 1174 4200 densum
1199 4152 1248 4188 nou

198 4200 239 4248 scd
250 4202 280 4248 its
293 4213 327 4248 ut.
737 4204 874 4252 nomiliam:
887 4206 946 4268 qood
957 4204 996 4252 hir
1007 4203 1097 4252 nullom
1105 4217 1156 4251 sne
1163 4214 1247 4267 potest,

230 4264 395 4316 ⁹³11.AEan
405 4267 635 4331 monemuthensi]
653 4268 706 4317 Vox
738 4285 810 4333 quum
820 4269 1032 4318 mereim
1044 4270 1082 4317 sit.
1177 4278 1181 4285 '

199 4330 301 4392 tribunis,
335 4345 402 4392 quarn
434 4330 584 4381 inducendam
615 4334 706 4381 cenrmt
768 4333 808 4368 θ’
822 4333 962 4396 Είμιὸὶῑα.
974 4369 981 4384 .
994 4344 1033 4383 ,α
1045 4335 1161 4399 priuatim]
1176 4333 1208 4382 lit
1220 4335 1246 4383 in

200 4391 318 4454 Muretus,
331 4395 517 4448 absnaduobus
528 4396 628 4446 nemu
638 4398 706 4449 codd.
737 4398 765 4448 iis
783 4415 836 4462 qna
858 4401 886 4448 ad
903 4399 1066 4465 rempublicam
1087 4411 1200 4463 spectant,
1219 4411 1245 4448 et

200 4467 225 4506 et
236 4459 445 4509 rbunosnonris.
738 4463 868 4528 inprimis
886 4481 940 4530 erga
957 4466 1067 4530 munao
1080 4464 1179 4528 milii!
1194 4463 1244 4522 ἰθῦ-

234 4518 823 4598 ¹anrosrrspullicr,qrsusrur]tirqde,
1020 4524 1156 4548 ”“’
