3175 5200
338 399 341 406 ’
385 389 420 448 12
803 378 886 441 Tl'l'l
905 379 1005 467 Livii

384 553 475 623 atque
501 536 653 602 lasciviam
678 548 854 614 currerent3
880 557 968 620 quem
993 535 1124 604 Romani
1149 534 1258 598 deinde
1280 547 1427 600 vocatum

385 627 502 690 lnuum.
546 623 627 687 Huic
648 623 758 686 deditis
782 622 908 701 ludicro,
927 644 1019 706 quum
1040 623 1186 687 sollemne
1204 633 1311 684 notum
1334 635 1427 700 esset,

337 724 340 728 ’
384 713 542 776 insidiatos
554 712 594 773 ob
616 711 691 772 iram
709 707 816 793 praedae
839 710 956 772 amissae
975 709 1117 788 latrones,
1129 729 1221 794 quum
1234 707 1380 772 Romulus
1396 708 1427 770 vi

384 821 416 862 se
430 797 623 875 defendisset,
632 795 763 858 Remum
777 797 912 878 cepisse3
933 810 1056 880 captum
1072 797 1135 880 regi
1149 793 1271 858 Amulio
1284 795 1427 858 tradidis-

384 907 427 964 βε,
441 889 467 925 ³⁰
477 886 557 948 ultro
571 893 757 946 accusantes.
802 881 928 944 Crimini
942 884 1074 946 maxime
1088 884 1214 960 dabant,
1238 883 1270 943 in
1283 879 1428 959 Numito·

384 973 424 1032 ris
437 991 525 1052 agros
540 971 578 1032 ab
600 969 647 1032 his
674 969 810 1051 inpetum
839 967 928 1032 fieri:
954 970 1024 1032 inde
1047 969 1263 1050 eos,conlecta
1281 966 1427 1049 juvenum

382 1077 485 1134 manu,
507 1054 649 1118 hostilem
672 1053 703 1116 in
728 1055 852 1117 modum
874 1055 990 1138 predas
1012 1076 1111 1137 agere.
1136 1056 1179 1116 sic
1208 1053 1362 1116 Numitori
1387 1053 1429 1116 ad

382 1142 562 1225 supplicium
589 1139 702 1203 Remus
726 1141 857 1204 deditur.
908 1141 980 1205 Jam
1003 1142 1074 1204 inde
1101 1143 1140 1212 ab
1167 1140 1256 1204 initio
1283 1138 1429 1204 Faustulo

382 1249 449 1312 spes
471 1228 580 1306 fuerat,
605 1228 719 1309 regiam
743 1229 869 1311 stirpem
893 1227 974 1311 apud
987 1249 1019 1290 se
1034 1228 1176 1306 educari3
1200 1247 1271 1290 nam
1287 1241 1320 1290 et
1332 1247 1430 1311 expo·

382 1315 458 1378 sitos
475 1313 561 1395 jussu
586 1314 664 1394 regis
687 1312 818 1375 infantes
842 1315 968 1393 sciebat,
997 1326 1030 1378 et
1052 1326 1181 1398 tempus,
1203 1335 1263 1396 quo
1285 1314 1349 1396 ipse
1364 1333 1429 1374 -eos

382 1399 560 1477 sustulisset,
583 1397 635 1460 ¹ad
663 1398 694 1460 id
717 1399 815 1480 ipsum
839 1420 1027 1482 congruere3
1064 1401 1117 1464 sed
1143 1421 1206 1463 rern
1234 1400 1429 1475 inmaturam,

332 1523 336 1532 ·
365 1485 439 1547 ‘nisi
462 1495 515 1547 aut
535 1503 589 1566 per
611 1484 814 1562 occasionem,
843 1496 897 1548 aut
918 1507 973 1570 per
994 1488 1222 1573 necessitatem,
1242 1485 1351 1570 aperiri
1372 1507 1428 1548 no·

382 1571 490 1634 luerat.
520 1571 683 1632 necessitas
704 1571 785 1652 prior
813 1571 906 1633 uenit.
935 1573 990 1650 ita,
1014 1584 1098 1635 metu
1124 1574 1278 1650 subactus,
1298 1570 1430 1634 Romulo

382 1676 444 1718 rem
472 1656 579 1739 aperit.
636 1654 727 1718 Forte
758 1669 790 1718 et
824 1655 989 1736 Numitori,
1017 1677 1109 1740 quum
1145 1658 1177 1720 in
1198 1657 1339 1722 custodia
1364 1655 1429 1722 Re·

382 1763 467 1806 mum
491 1743 627 1820 baberet,
652 1743 853 1825 audissetque,
873 1742 1009 1826 geminos
1034 1765 1099 1806 esse
1122 1743 1239 1822 fratres,
1260 1747 1287 1782 ⁴⁰
1302 1764 1429 1828 compa·

384 1829 479 1892 rando
503 1842 536 1893 et
562 1839 683 1892 aetatem
709 1850 824 1908 eorum,
853 1842 884 1892 et
907 1829 1004 1912 ipsam
1031 1830 1156 1892 minime
1181 1829 1317 1892 servilem
1339 1829 1429 1892 indo-

383 1915 454 1993 lem,
487 1914 631 1998 tetigerat
657 1916 791 1978 animum
819 1917 966 1978 memoria
989 1927 1159 1999 nepotum:
1186 1915 1431 1997 sciscitandoque

218 2007 331 2058 maula
383 2005 407 2040 ¹¹
426 1999 557 2064 eodem⁸
571 2002 719 2084 pervenit,
731 2014 767 2064 ut
782 2002 863 2064 haud
876 2001 981 2086 procul
994 2014 1083 2079 esset,
1098 2002 1171 2085 quin
1186 2001 1317 2065 Remum
1331 2023 1430 2084 agno-

217 2074 341 2188 §ugnus
384 2100 491 2150 sceret.
542 2086 592 2149 lta
615 2091 641 2128 ⁴²
657 2088 788 2170 undique
810 2088 873 2170 regi
893 2088 978 2150 dolus
999 2088 1141 2153 nectitur.
1185 2087 1342 2167 Romulus,
1366 2109 1430 2150 non

218 2151 343 2267 „3:35⁰”
384 2195 454 2237 curn
491 2174 583 2258 globo
617 2173 773 2256 juvenum,
814 2173 883 2252 (nec
922 2175 1002 2235 euim
1034 2187 1100 2236 erat
1130 2174 1170 2235 ad
1201 2175 1262 2236 vim
1291 2185 1431 2258 apertam

383 2259 451 2343 par)
482 2261 536 2324 sed
565 2259 631 2322 aliis
654 2262 714 2324 alio
739 2261 847 2324 itinere
864 2259 955 2341 jussis
980 2272 1065 2322 certo
1093 2276 1230 2341 tempore
1252 2260 1292 2322 ad
1315 2260 1430 2408 regiam

383 2348 485 2410 venire
509 2348 690 2428 pastoribus,
725 2348 765 2408 ad
791 2367 893 2428 regem
923 2347 1058 2429 inpetum
1080 2346 1180 2407 lacit:
1217 2357 1250 2408 et
1281 2367 1300 2408 a
1359 2367 1431 2408 omo

218 2456 338 2506 Amulium
384 2431 552 2493 Numitoris
572 2432 632 2492 alia
650 2445 829 2514 comparata
850 2453 941 2494 manu
965 2430 1090 2513 adjuvat
1112 2431 1235 2494 Remus.
1261 2433 1306 2496 itu
1329 2453 1429 2516 regem

218 2523 364 2576 obtruncant·
379 2517 576 2579 obtruncant.

218 2585 381 2689 “N⁰m³!*·'
427 2599 481 2665 Vl.
507 2598 661 2680 Numitor,
689 2603 768 2687 inter
798 2604 929 2685 primunr
959 2605 1120 2667 tumultum
1150 2606 1253 2669 hostes
1287 2607 1431 2671 invasisse

383 2690 489 2752 urbem
513 2701 603 2771 atque
627 2688 750 2751 adortos
770 2690 885 2771 regiam
908 2690 1063 2769 dictitans,
1088 2711 1179 2773 quum
1202 2694 1313 2775 pubem
1335 2694 1431 2757 Alba-

384 2796 457 2837 nam
481 2776 513 2837 in
548 2795 648 2836 arcem
676 2776 815 2857 prasidio
843 2777 994 2860 armisque
1026 2777 1225 2840 obtinendam
1253 2793 1429 2862 avocasset3

384 2860 575 2946 postquamll
586 2860 722 2943 juvenes,
746 2874 923 2945 perpetrata
945 2863 1036 2945 caede,
1059 2884 1182 2947 pergere
1206 2866 1302 2928 adse
1325 2879 1430 2948 gratu-

384 2948 482 3011 lantes
507 2946 770 3030 vidis‚·extemp10
789 2948 939 3011 advmmo
953 2950 1101 3029 concilio,
1123 2951 1237 3013 scelera
1258 2952 1292 3022 ,in
1313 2974 1345 3015 se
1369 2955 1432 3017 ira·

386 3036 450 3112 tris,
475 3032 623 3115 originem
647 3048 805 3116 nepotum,
826 3046 861 3097 ut
875 3036 982 3117 geniti,
1002 3047 1037 3098 ut
1049 3037 1181 3115 educati,
1202 3050 1238 3099 ut
1251 3039 1369 3119 cogniti
1382 3063 1431 3102 es·

384 3133 463 3199 sent,
485 3120 599 3183 caedem
624 3118 767 3205 deinceps
790 3122 921 3205 tyranni,
944 3142 1035 3204 seque
1056 3121 1122 3204 ejus
1143 3123 1303 3194 'auctorem
1326 3125 1431 3191 osten·

384 3207 440 3271 dit.
497 3206 637 3285 dunenses,
673 3226 727 3291 per
763 3206 895 3271 mediam
932 3208 1111 3272 concionem
1145 3211 1266 3290 agmine
1293 3211 1431 3294 ingressi,

417 3393 430 3427 ¹
444 3401 468 3433 ss
478 3387 565 3435 dorsus
576 3385 649 3436 Doer.
659 3385 720 3451 Rup.
793 3386 806 3420 ¹¹
821 3402 862 3452 pro
870 3397 985 3452 perpesse
994 3390 1070 3440 Gran.
1081 3400 1106 3439 et
1117 3390 1186 3439 cm.
1195 3393 1358 3456 prqresnodum
1368 3408 1430 3443 seor·

383 3462 425 3511 per
442 3448 552 3499 exhibent
567 3460 712 3513 possessum
743 3451 770 3499 ld
781 3452 805 3499 in
816 3454 947 3502 universum
965 3456 1079 3503 messuisse
1096 3456 1176 3516 satius,
1191 3458 1280 3521 missor,
1294 3458 1347 3517 erit,
1361 3475 1430 3524 qsssus

385 3512 480 3560 taedium
489 3512 613 3562 lectoribus
625 3514 706 3563 eadem
717 3515 865 3567 adnotatione
873 3534 944 3583 prope
953 3519 1047 3581 siugulis
1055 3520 1141 3583 psgissis
1150 3520 1258 3571 excitam.

385 3648 480 3715 Lyceus,
495 3650 569 3715 iuquit
586 3652 679 3701 Servius
706 3655 735 3702 sd
758 3668 816 3705 rur.
835 3656 891 3706 ὦ.
922 3666 960 3705 trs
980 3672 1048 3719 quem
1067 3659 1096 3707 sb
1113 3674 1143 3708 eo
1159 3672 1303 3726 expertetur,
1322 3674 1362 3713 sut
1380 3663 1431 3715 fleri

384 3730 406 3763 s.
425 3717 482 3765 ³⁴³.
502 3718 560 3779 quod
583 3718 644 3779 lupos
660 3734 704 3767 ses
724 3722 781 3768 risam
799 3722 825 3769 s'ss
845 3736 893 3770 oues
923 3723 1011 3769 deceat.
1044 3723 1083 3772 Sic
1092 3724 1316 3786 hoclocoistrooes,
1330 3730 1368 3792 qui
1379 3746 1431 3779 osu·

385 3780 466 3829 scrire.
500 3780 577 3845 Lupus
587 3782 648 3830 eaisn
660 3782 793 3834 Grsecissst
810 3785 890 3833 adeor.
922 3785 991 3833 nibus
999 3788 1124 3852 suppliciis,
1133 3801 1184 3838 tuns
1194 3793 1224 3839 ob
1235 3782 1362 3857 ratissima,
1378 3808 1430 3845 tum

386 3845 491 3894 ldemait
502 3846 559 3895 Pani
575 3859 679 3896 montem
696 3850 798 3915 Lyceum
809 3848 834 3896 iss
844 3850 891 3895 Ar·
922 3850 952 3897 ob
968 3850 1077 3915 injsutsrn
1095 3856 1142 3903 sim
1160 3857 1184 3904 io
1202 3857 1326 3907 Rousulum
1343 3871 1368 3908 et
1380 3860 1430 3911 lte·

384 3910 446 3958 cadis
457 3924 613 3961 comestum
622 3914 702 3964 fuine.
721 3913 776 3959 ‘De
787 3911 842 3959 lassi
852 3928 891 3975 'i‘
922 3930 996 3974 muru,
1003 3918 1063 3980 digni
1074 3931 1150 3979 erant,
1157 3921 1199 3985 ipsi
1210 3938 1250 3970 eos
1260 3936 1374 3973 memor.

384 3976 891 4037 perationem.amaseam-sats
954 3981 980 4015 ⁴⁰
999 3982 1159 4046 &mmcd
1193 3988 1353 4051 compersodo
1373 4002 1430 4039 sets-

417 4038 585 4104 ”Pes-luteas]
610 4042 674 4091 Olim
683 4040 892 4103 &impastum-
923 4054 1008 4095 temet
1027 4047 1125 4098 indolem
1142 4053 1226 4099 borum
1243 4050 1363 4115 jusenurn,
1376 4070 1429 4102 mm

387 4100 494 4153 Corruit
507 4106 650 4157 Grouosiass
671 4120 715 4155 aec
731 4106 802 4153 aliens
813 4116 892 4155 tamen
923 4124 952 4157 es
962 4122 988 4159 et
997 4122 1066 4162 aetate
1076 4126 1101 4163 et
1111 4115 1196 4176 indole,
1204 4130 1306 4179 qusesse
1314 4116 1430 4168 debebam

386 4166 491 4243 abegerit
501 4172 669 4234 auctoritatem,
679 4170 742 4235 qussi
752 4172 805 4219 bae
811 4186 892 4220 emess-
923 4186 1027 4237 nepotes,
1035 4179 1055 4225 ei
1064 4180 1138 4229 sdbue
1147 4181 1259 4229 siseresrt.

386 4230 504 4307 sistro-sols
514 4238 647 4297 conjecturs
658 4238 780 4287 niteretur.
802 4237 893 4286 Ardua
954 4240 977 4273 ⁴¹
1001 4240 1101 4307 Eadm]
1127 4243 1182 4291 Ouo
1199 4244 1332 4294 Faustulus.
1374 4244 1429 4297 ron

386 4296 696 4371 emmendavetopomi,
712 4302 895 4361 ssSorbonicus,
923 4304 1060 4355 mnata
1075 4324 1100 4356 eo
1114 4310 1209 4360 destrue.
1241 4308 1297 4358 Duo
1312 4324 1327 4359 e
1344 4314 1428 4361 norme

386 4359 471 4408 diserte
482 4361 591 4413 exhibent
600 4382 641 4426 per
650 4370 731 4419 lamas.
923 4370 996 4418 MSS.
1007 4386 1031 4417 es
1037 4375 1143 4433 peremit.

419 4424 442 4461 ³³
460 4423 536 4489 Uim]
555 4428 636 4489 Huius
649 4434 710 4483 soris
726 4436 778 4483 hee
793 4433 828 4482 sis
848 4444 895 4491 est,
956 4435 980 4470 ⁴⁹
996 4434 1012 4464 ⁸
1027 4433 1139 4507 Umrqae]
1156 4438 1187 4491 Et
1196 4440 1226 4492 sb
1236 4439 1380 4507 Romulmt
1398 4443 1428 4495 sb

388 4498 414 4537 ut
424 4489 520 4542 denotet
528 4494 643 4561 quidpiam
653 4499 893 4565 gerisbsliquamss·
924 4500 1057 4554 Numitore·
