3175 5200
367 375 425 431 ms·
785 343 990 433 Timtrvu

200 542 233 590 υ.
242 534 346 593 02⁵ss
364 517 488 616 posset,
500 524 603 619 pugna
626 532 765 596 excessit.
809 530 934 595 latinus
960 532 1032 612 dux,
1055 528 1315 595 nihil'deterritus
1338 531 1404 594 vul-

199 608 231 656 A·
242 608 272 658 ⁰·
283 608 340 659 ⁴⁹7·
365 640 447 701 nere,
462 618 600 705 pr'oelium
614 622 695 697 ciet3
719 629 761 695 ct,
777 618 850 699 quia
863 640 932 682 suos
952 615 1104 704 perculsos
1124 617 1258 695 videbat,
1279 619 1406 681 arcessit

365 709 523 771 cohortem
537 707 672 769 exsulum
687 704 903 785 Romanorum,
924 707 972 768 cui
993 705 1028 768 la.
1049 702 1207 786 Tarquinii
1219 763 1221 766 .
1232 704 1310 767 filius
1328 728 1404 789 pra·

366 806 442 858 erat.
457 816 503 874 ea,
519 793 626 875 quod·
648 790 762 873 majore
785 794 943 875 pugnabat
967 792 1013 853 ira
1034 792 1074 853 ob
1094 802 1199 873 erepta
1212 791 1294 853 bona
1307 793 1404 876 patri-

366 900 474 963 amque
489 880 652 956 ademtam,
675 898 808 962 pugnsm
822 899 982 963 parumper
996 878 1138 942 restituit.
1405 932 1411 941 .

407 964 479 1028 XX.
502 963 711 1028 Referentibus
732 964 798 1047 jam
821 965 930 1047 pedem
955 966 993 1027 ab
1018 986 1055 1027 ea
1074 976 1161 1048 parte
1176 962 1335 1041 Romanis,
1356 962 1405 1027 M.

363 1050 511 1130 Valerius,
547 1050 705 1114 Publicola
734 1050 837 1131 frater,
873 1054 1066 1135 conspicatus
1101 1051 1230 1114 ferocem
1262 1050 1404 1134 juvenem

362 1135 572 1219 Tarquinium,
595 1149 799 1201 ostentantem
814 1159 847 1201 se
867 1139 1015 1223 inprims
1035 1138 1170 1200 exsulum
1185 1138 1261 1217 acie,
1282 1137 1405 1200 domes·

362 1224 543 1303 ticayetiam
568 1225 665 1308 gloria
689 1245 844 1303 accensus,
872 1237 919 1305 ut,
944 1224 1029 1308 cujus
1054 1225 1175 1287 familia
1189 1224 1289 1287 ‘decus
1314 1223 1404 1307 ejecti

362 1332 447 1395 reges
462 1322 557 1390 crant,
579 1310 713 1394 ejusdem
733 1312 885 1376 interfecti
908 1313 1019 1391 forent,
1039 1311 1141 1374 subdit
1163 1310 1293 1373 calcaria
1316 1332 1405 1393 equo,

361 1410 393 1462 et
419 1396 618 1483 Tarquinium
646 1398 756 1462 infesto
784 1399 900 1483 spiculo
926 1400 1014 1483 petit.
1065 1396 1246 1482 Tarquinius
1270 1409 1352 1460 retro
1373 1397 1405 1459 in

361 1506 471 1569 agmen
494 1506 615 1549 suorum
640 1485 757 1549 infenso
781 1487 872 1550 cessit
897 1487 988 1549 hosti.
1031 1484 1196 1564 Valerium,
1218 1487 1333 1547 t'emere
1358 1484 1405 1545 in-

360 1584 482 1645 vectum
512 1573 544 1634 in
574 1572 710 1635 exsulum
740 1573 848 1653 aciem,
869 1592 909 1635 ex
931 1569 1101 1636 ¹transuerso
1132 1571 1255 1653 quidam
1281 1572 1404 1635 adortus

361 1656 537 1741 transfigit:
574 1680 631 1721 nec
657 1660 821 1741 quidquam
846 1660 955 1740 equitis
984 1658 1105 1721 vulnere
1134 1677 1213 1739 equo
1238 1658 1404 1735 retardato,

361 1746 557 1831 moribundus
587 1745 752 1826 Romanus,
785 1747 956 1810 labentibus
981 1766 1070 1828 super
1096 1764 1204 1826 corpus
1234 1746 1335 1822 armis,
1363 1744 1404 1806 ad

362 1843 473 1897 terram
504 1831 639 1897 deduxit.
682 1832 826 1897 Dictator
852 1832 1034 1911 Postumius,
1066 1841 1228 1914 postquam
1260 1829 1405 1892 cecidisse

362 1920 457 1982 talem
485 1918 592 1997 virum,
625 1920 741 1983 exsules
767 1919 906 1983 ferociter
931 1918 1029 1982 citato
1056 1917 1177 2001 agmine
1203 1916 1404 1995 invehi,‘suos

361 2006 512 2091 perculsos
532 2007 641 2072 cedere
661 2006 874 2070 animadvertit
884 2030 895 2086 3
923 2004 1042 2088 cohorti
1056 2024 1126 2082 sua,
1148 2024 1239 2086 quam
1253 2003 1403 2065 delectam

361 2112 485 2156 manum
511 2094 641 2177 presidii
662 2112 767 2157 caussa
786 2094 868 2156 circa
891 2114 924 2154 se
941 2092 1083 2170 habebat,
1099 2094 1124 2129 ¹⁵
1141 2090 1195 2153 dat
1207 2092 1336 2172 signruu,
1358 2100 1404 2168 ut,

362 2200 451 2265 quem
476 2201 598 2243 suorum
624 2178 789 2263 fugientem
814 2179 955 2256 viderint,
984 2186 1041 2260 pr'o
1070 2177 1158 2239 hoste
1185 2176 1328 2261 habeapt.
1360 2175 1406 2237 ita

339 2274 445 2331 'metu
467 2268 592 2349 ancipiti
617 2268 698 2328 versi·
717 2288 736 2327 a
756 2267 830 2347 fuga
851 2264 982 2327 Romani
1004 2264 1036 2325 in
1059 2264 1191 2339 bostem,
1213 2272 1245 2325 et
1266 2262 1406 2325 restituta
1471 2330 1476 2335 ,

361 2354 452 2415 acies.
497 2352 615 2414 Cohors
630 2352 787 2416 dictatoris
812 2362 880 2412 tum
905 2350 1036 2433 primum
1060 2348 1199 2431 proelium
1221 2348 1300 2411 iniit.
1325 2348 1405 2410 inte-

361 2440 423 2521 gris
447 2438 620 2520 corporibus
644 2439 813 2518 animisque
835 2437 928 2499 fessos
943 2435 1042 2518 adorti
1055 2433 1173 2496 exsules
1187 2434 1315 2498 cadunt}
1360 2433 1405 2497 lbi

362 2524 423 2586 alia
447 2525 525 2587 inter
546 2543 684 2606 proceres
710 2534 816 2585 coorta
839 2544 951 2607 pugna.
995 2521 1163 2607 Imperator
1187 2519 1323 2601 Latinus,
1354 2521 1405 2583 ubi

361 2610 519 2674 cohortem
542 2609 679 2672 exsulum
695 2630 715 2671 a
729 2609 880 2672 dictatore
894 2609 1034 2672 Romano
1055 2630 1150 2692 prope
1169 2609 1405 2672 circumventam

360 2695 448 2774 vidit,
481 2715 520 2756 ex
545 2695 729 2757 subsidiariis
753 2696 922 2778 manipulos
951 2693 1066 2777 aliquot
1096 2695 1129 2757 in
1153 2696 1282 2777 primam
1307 2694 1404 2756 aciem

362 2781 473 2844 secum'
494 2781 584 2864 rapit.
611 2782 666 2842 bos
699 2781 821 2862 agmine
852 2781 1005 2843 venientes
1025 2779 1065 2842 T.
1089 2779 1265 2843 Herminius
1280 2781 1404 2864 'legatus

361 2867 568 2950 conspicatus,
599 2867 737 2949 interque
752 2869 811 2930 eos
837 2868 987 2951 insignem
1002 2878 1086 2930 veste
1113 2868 1264 2949 armisque
1289 2865 1404 2928 Mami·

361 2954 436 3017 lium
451 2954 618 3034 noscitans,
640 2965 728 3020 tanto
744 2955 771 3016 vi
787 2952 913 3037 majore,
936 2975 1027 3037 quam
1050 2953 1152 3037 paullo
1173 2966 1245 3016 ante
1260 2953 1404 3036 magister

361 3041 508 3123 equitum,
531 3060 600 3102 curn
620 3041 758 3105 ‘hostium
785 3041 862 3104 duce
885 3040 1030 3126 proelium‘
1049 3040 1128 3119 iniit,
1148 3052 1184 3109 ut
1207 3052 1239 3103 et
1257 3061 1319 3104 uno
1341 3041 1404 3103 ictu

361 3125 540 3190 transfixum
565 3148 618 3213 per
638 3127 718 3192 latus
742 3128 889 3191 occiderit
909 3127 1093 3207 Mamilium,
1113 3139 1145 3190 et
1163 3128 1227 3211 ipse
1241 3129 1321 3191 inter
1333 3148 1405 3211 spo-

361 3213 496 3278 liandum
526 3235 633 3298 corpus
664 3213 759 3277 hostis
788 3228 893 3279 veruto
922 3236 1091 3298 percussus,
1128 3235 1220 3296 quum
1248 3215 1346 3279 victor
1374 3215 1410 3276 in.

362 3301 566 3384 castra‘es'set
592 3302 714 3379 relatus,
736 3301 815 3364 inter
838 3303 967 3385 primam
990 3303 1178 3365 curationem
1201 3297 1407 3386 suspiraverit.

360 3385 442 3449 Tum
457 3388 497 3450 ad
520 3387 635 3468 equites
660 3387 792 3451 dictator
815 3388 947 3469 advolat,
968 3391 1136 3467 obtestans,
1162 3401 1207 3467 ut,
1240 3388 1319 3451 fesso
1339 3387 1406 3470 jam

361 3473 475 3556 pedite,
497 3475 523 3513 ¹⁸
539 3473 724 3538 descendant
738 3495 776 3537 ex
791 3477 886 3557 equis,
907 3487 939 3538 et
952 3495 1085 3558 pugnam
1100 3488 1269 3559 capessant.
1311 3473 1405 3535 Dicto

360 3579 511 3646 patuere:
545 3557 686 3623 desiliunt
710 3582 749 3622 cx
773 3563 868 3644 equis,
888 3561 1049 3644 provolant
1074 3561 1106 3620 in
1130 3561 1273 3643 primum,
1294 3568 1327 3620 ct
1348 3577 1405 3640 pro

363 3647 388 3690 ¹⁷
403 3645 608 3727 antesignanis
633 3666 753 3730 parmas
781 3647 939 3730 objiciunt.
995 3645 1119 3727 Recipit
1151 3643 1304 3726 extemplo
1336 3642 1403 3702 ani·

362 3751 445 3818 mum
465 3731 611 3815 pedestris
638 3734 728 3813 acies,
750 3747 912 3818 postquam
933 3728 1099 3813 juventutis
1121 3749 1259 3815 proceres
1285 3738 1403 3810 aquato

360 3837 472 3902 genere
486 3837 593 3902 pugnae
607 3840 710 3886 secum
724 3831 843 3903 partem
856 3817 981 3903 periculi
997 3816 1179 3881 sustinentes
1192 3813 1279 3878 vidit.
1321 3811 1402 3876 Tum

778 4007 847 4066 'pso
863 4001 938 4051 Groo.
948 4003 1018 4052 Cret.

395 4127 415 4161 ¹⁵
432 4127 479 4179 Dat
499 4131 596 4198 signem]
623 4131 667 4182 Per
687 4141 758 4182 taem
778 4135 863 4183 cobor-
895 4135 990 4184 sutum
1011 4143 1131 4191 memorat,
1151 4140 1179 4180 ut
1198 4129 1289 4193 equites
1305 4125 1404 4176 Romani

360 4200 409 4240 tem
425 4196 520 4256 perferri
537 4197 581 4248 boc
600 4197 721 4263 imperium
739 4213 808 4248 suum
825 4198 873 4265 ju.¹
897 4201 1061 4249 detendereur
1084 4216 1113 4248 ex
1135 4198 1213 4261 equiu
1238 4195 1301 4258 qussi
1317 4193 1407 4242 hostilis

361 4255 410 4312 Μ»
423 4261 812 4330 Pt···Vrd.not.sdl.v.c.36.
897 4265 1011 4329 equitatus
1028 4278 1068 4314 sut
1084 4263 1161 4313 nullm
1171 4272 1241 4325 suet,
1256 4275 1296 4308 sur
1312 4270 1405 4323 torpore

396 4317 416 4354 ¹⁶
439 4318 575 4394 hesum
599 4345 624 4378 ee
641 4327 709 4393 apsis]
740 4329 804 4379 auid
826 4332 867 4394 igi·
898 4331 994 4396 quodem
1004 4331 1098 4380 defixis.

361 4395 466 4436 turtunc
484 4389 563 4449 egebat
580 4395 694 4455 equitatus
712 4396 865 4446 Latinorum?
933 4397 953 4433 ¹⁷
969 4394 1134 4461 Amaigrronis]
1150 4392 1295 4456 Asteeigmi
1310 4389 1327 4439 ii
1340 4400 1405 4451 mot,

362 4451 438 4502 Recte
454 4452 557 4502 obsemt
575 4455 677 4508 Clericus
694 4463 779 4511 mirum
789 4462 869 4511 'videri
899 4461 939 4526 qui
954 4461 1079 4522 autedgns
1095 4461 1119 4509 in
1135 4459 1184 4509 scie
1200 4458 1312 4507 toemmr.
1344 4455 1404 4503 Pro-

363 4516 455 4580 debm,
471 4519 530 4584 quod
546 4519 624 4573 muris
638 4527 718 4588 pomis
736 4526 813 4577 Livius
821 4527 869 4578 fec·
898 4529 938 4578 bat
963 4526 1052 4592 Lipsius
1076 4527 1095 4578 l.
1122 4537 1158 4578 rr.
1183 4524 1213 4574 ds
1238 4521 1310 4574 Muta
1333 4521 1403 4572 too.
