3175 5200
385 386 445 441 sao
629 334 631 341 ’
808 375 892 438 mur
910 373 1012 437 mvn

220 532 254 583 Π·
265 532 363 587 04361·
387 550 420 599 et
441 534 554 597 comite
566 533 643 595 uti:
667 533 816 614 simulque
830 535 931 617 plures
942 534 1037 617 pueri,
1052 532 1133 615 quod
1148 531 1243 595 bodie
1258 525 1381 615 quoque
1397 532 1434 594 in

188 669 191 675 ·
218 600 334 715 §⁰323
338 602 359 649 ¹·
387 622 504 685 Graecis
519 632 633 699 manet,
660 621 747 682 unius
767 641 845 683 curse
866 622 1137 683 demandabantur.
1156 622 1329 704 principum
1349 620 1431 682 libe-

219 682 360 795 rddcoeju-
386 732 446 788 ros,
462 711 540 771 sicut
561 708 623 769 lere
642 707 687 785 fu,
711 708 761 790 qui
776 708 904 770 scientia
916 709 1076 771 videbatur
1096 709 1279 793 praecellere,
1306 707 1431 769 erudie-

219 798 320 847 venturu
386 798 449 859 bat.
494 794 523 857 ls
539 814 631 876 quum
651 795 683 855 in
703 816 779 877 pace
800 796 980 859 instituisset
994 815 1105 877 pueros
1125 807 1196 856 aute
1224 796 1330 857 urbem
1345 794 1431 855 lusus

220 863 294 912 ’⁶⁸¹⁰'
304 874 329 913 ‘t
353 946 356 953 ,
386 882 605 963 exercendique
619 901 725 943 caussa
740 882 924 965 producere,
951 882 1029 943 nihil
1041 903 1079 944 eo
1094 902 1178 943 more
1192 903 1247 966 per
1260 881 1331 943 belli
1346 894 1430 943 tem-

219 944 294 995 ω’
386 990 442 1053 pus
463 969 646 1047 intermisso,
661 972 760 1047 ⁶tum,
786 969 880 1031 modo
909 970 1107 1047 brevioribus,
1123 969 1217 1031 modo
1239 968 1430 1049 longioribus

387 1056 505 1139 spatiis,
531 1056 681 1117 trahendo
695 1076 746 1118 eos
765 1078 784 1117 a
810 1067 909 1139 ports,
936 1057 1003 1125 lusu
1026 1056 1275 1138 sermonibusque
1291 1054 1431 1135 variatis,

313 1172 315 1177 ·
386 1142 506 1227 longius
521 1141 623 1220 solito,
637 1143 689 1204 ubi
705 1164 752 1205 res
779 1144 875 1221 dedit,
901 1164 1087 1225 progressus,
1112 1144 1194 1205 inter
1211 1142 1354 1203 stationes
1370 1163 1429 1203 eos

387 1230 521 1292 hostium
544 1240 702 1309 castraque
717 1230 787 1292 inde
804 1229 944 1292 Romana
959 1231 991 1290 in
1012 1230 1186 1313 praetorium
1212 1230 1251 1289 ad
1265 1227 1428 1290 Camillum

283 1348 285 1355 ·
333 1332 337 1337 '
386 1316 537 1400 perduxit.
564 1316 607 1377 ibi
628 1316 754 1379 scelesto
770 1317 897 1379 facinori
921 1317 1127 1380 scelestiorem
1144 1336 1311 1378 sermonem
1334 1315 1428 1377 addi·

387 1404 453 1467 dit:
480 1404 490 1437 ‘
506 1402 639 1465 Falerios
651 1423 683 1463 se
699 1403 730 1463 in
742 1424 850 1466 manus
866 1401 1014 1466 Romanis
1029 1403 1213 1480 tradidisse3
1238 1402 1356 1484 quando
1371 1424 1429 1463 eos

387 1492 399 1525 ‘
413 1510 533 1574 pueros,
546 1482 671 1571 quorum
689 1504 831 1571 parentes
846 1491 999 1574 capitaibi
1011 1510 1110 1552 rerum
1121 1490 1193 1568 sint,
1202 1490 1233 1551 in
1244 1500 1430 1572 potestatem

387 1578 397 1611 ‘
413 1574 586 1639 dediderit!
617 1575 692 1647 Qum
706 1577 757 1637 ubi
768 1574 913 1639 Camillus
923 1576 1047 1657 audivit,
1063 1575 1154 1639 ‘Non
1169 1574 1364 1653 adsimilem,’
1382 1577 1432 1637 in·

387 1664 464 1745 quit,
480 1662 546 1725 ‘tui
560 1682 618 1723 nec
636 1663 792 1745 populum,
804 1685 862 1727 nec
876 1666 1101 1752 imperatorem,
1121 1664 1262 1725 scelestus
1277 1664 1343 1745 ipse
1355 1682 1428 1725 cum

388 1752 398 1785 ‘
414 1751 544 1812 scelesto
568 1768 692 1810 munere
706 1750 825 1812 venisti.
857 1750 1040 1813 Nobiscum
1056 1750 1188 1828 Faliscis,
1204 1770 1268 1830 quse
1282 1760 1375 1831 pacto
1390 1749 1430 1810 fit

387 1839 398 1889 ⁶
415 1840 558 1914 humano,
571 1834 700 1897 societas
716 1848 844 1899 nonest.
861 1858 952 1919 quam
968 1838 1152 1921 ingeneravit
1163 1848 1279 1913 nanrra,
1289 1836 1429 1916 utrisque

388 1924 472 2001 ‘est·,
494 1924 623 2004 eritque.
649 1920 727 1985 Sunt
742 1936 773 1986 et
793 1923 875 2002 belli,
897 1926 978 1988 sicut
989 1926 1082 2009 pacis,
1089 1923 1177 2007 jura:
1194 1922 1335 2006 justeque
1354 1925 1426 2000 ⁷ea,

388 2010 400 2045 ‘
414 2031 475 2072 non
487 2009 586 2071 minus
603 2029 695 2090 quam
709 2009 838 2089 sortiter,
858 2011 1020 2074 didicimus
1033 2030 1143 2093 gerere.
1161 2009 1256 2072 Amic
1265 2009 1428 2086 habemus,

389 2096 399 2131 ‘
414 2116 476 2159 non
486 2096 628 2181 aduersus
640 2117 707 2157 cam
719 2108 853 2177 aetstem,
865 2100 913 2161 cui
923 2100 1016 2162 etiam
1032 2099 1128 2183 captis
1140 2097 1262 2158 urbibus
1271 2096 1427 2182 parcitur:

388 2184 399 2217 ‘
414 2184 468 2245 sed
480 2184 492 2221 ⁸
502 2183 642 2245 adversus
658 2196 804 2263 armatos,
824 2197 857 2247 et
866 2185 959 2268 ipsos,
972 2185 1034 2268 qui,
1045 2206 1101 2247 nec
1118 2185 1189 2262 laesi,
1199 2182 1399 2244 neclacessiti
1410 2202 1432 2243 a

388 2271 400 2306 ‘
415 2268 513 2347 nobis,
531 2268 783 2333 castraRomana
794 2272 835 2333 ed
850 2270 944 2334 Veios
953 2274 1176 2356 obpugnsrunt.
1197 2270 1258 2331 Eos
1272 2280 1318 2347 tu,
1333 2288 1434 2350 quan·

389 2358 400 2391 ‘
415 2369 481 2419 tum
496 2358 528 2419 in
544 2370 576 2419 te
590 2357 660 2439 suit,
681 2378 761 2419 novo
776 2358 889 2419 scelere
911 2359 1031 2424 vicisti:
1055 2382 1113 2442 ego
1136 2357 1284 2420 Romanis
1302 2356 1432 2433 artibus,

389 2444 400 2478 ‘
414 2446 537 2522 virtute,
547 2464 649 2526 opere,
655 2445 756 2523 armis,
769 2442 956 2523 sicutVeios,
967 2445 1106 2507 uncam!
1117 2444 1313 2508 Denudatunr
1323 2443 1434 2505 deinde

326 2598 328 2604 ,
391 2550 472 2609 eum,
487 2531 626 2591 manibus
648 2543 719 2614 post
748 2542 868 2614 tergum
893 2531 1038 2614 inligatis,
1068 2532 1272 2605 reducendum
1295 2529 1429 2591 lblerios

388 2619 490 2700 pueris
505 2617 651 2679 tradidit:
674 2618 834 2703 virgasque
854 2619 909 2698 eis,
924 2621 1032 2701 quibus
1060 2619 1232 2702 peditorem
1253 2630 1379 2700 agerent
1399 2617 1432 2678 in

385 2705 495 2766 urbem
519 2705 721 2782 verberantes,
748 2705 842 2767 dedit.
879 2706 930 2768 Ad
955 2707 1038 2788 quod
1061 2707 1265 2788 spectaculum
1283 2724 1433 2766 concursu

389 2791 494 2874 populi
513 2790 644 2874 primum
660 2790 754 2869 fecto,
766 2791 876 2853 deinde
885 2815 904 2854 a
915 2794 1140 2875 magistratibus
1145 2793 1184 2853 de
1196 2815 1226 2852 rc
1239 2801 1433 2853 novavocam

392 2889 511 2954 senatu,
532 2887 621 2938 tanta
635 2879 766 2940 mutatio
789 2879 900 2940 animis
914 2878 962 2942 est'
982 2879 1106 2962 injecta,
1116 2888 1161 2958 ut,
1177 2878 1226 2960 qui
1240 2877 1340 2956 modo,
1355 2876 1433 2937 effe-

392 2964 451 3025 rati
474 2963 545 3026 odio
561 2963 676 3046 iraque,
690 2961 864 3028 Veientium
886 2967 1002 3028 exitum
1022 2987 1110 3051 pene,
1126 2985 1217 3047 quarn
1231 2961 1433 3046 Capenatium

393 3071 512 3135 pacem,
528 3051 665 3129 mallent,
682 3052 762 3134 apud
777 3074 830 3115 eos
840 3073 949 3135 pacem
960 3054 1098 3116 universa
1106 3063 1245 3136 posceret
1256 3051 1373 3112 civitas.
1383 3047 1437 3111 li-

382 3138 448 3201 ·des
460 3137 611 3217 Romana,
621 3135 745 3220 justitia
753 3140 955 3222 imperatoris,
970 3142 1002 3203 in
1017 3141 1083 3203 foro
1095 3141 1216 3202 etcuria
1225 3138 1435 3200 celebrantur:

394 3245 602 3308 consensuque
630 3225 766 3288 omnium
787 3227 880 3309 legati
901 3229 941 3290 ad
964 3226 1125 3291 Camillum
1149 3227 1179 3289 in
1206 3237 1317 3303 castra,
1348 3234 1438 3306 atque

394 3313 467 3375 inde
489 3313 639 3397 permissu
670 3311 791 3375 Camilli
817 3313 949 3377 Romam
976 3315 1017 3377 sd
1042 3325 1191 3393 sensnum,
1211 3314 1262 3394 qui
1292 3312 1439 3374 dederent

267 3413 273 3426 ·
298 3411 304 3426 ·
346 3437 357 3450 ·
395 3397 540 3479 Falerios,
560 3400 805 3483 proficiscuntur.
855 3399 1023 3464 lutrodueti
1044 3402 1084 3464 sd
1106 3413 1256 3478 senatum,
1281 3400 1326 3460 ita
1344 3398 1438 3460 locuti

317 3541 324 3554 .
396 3487 575 3549 traduntur:
592 3486 715 3549 ‘Patres
731 3486 909 3572 conscripti,
925 3489 1084 3567 ⁹victoris,
1095 3489 1143 3550 eui
1153 3509 1210 3551 nec
1219 3485 1439 3564 Deus,necho-

338 3574 345 3591 ¹
396 3573 407 3605 ‘
422 3593 473 3634 mo
485 3573 644 3653 quisquam
656 3574 800 3654 invideat,
811 3576 884 3639 victi
896 3598 916 3637 e
925 3577 1010 3638 vobis
1022 3587 1054 3637 et
1064 3577 1247 3659 imperatore
1257 3586 1365 3650 vestro,
1377 3572 1436 3632 de-

396 3660 406 3693 ‘
421 3659 521 3721 dimus
528 3679 583 3720 nos
588 3660 687 3739 vobis3
699 3663 768 3742 rati,
779 3682 839 3743 quo
844 3663 1030 3725 nihilvictori
1039 3661 1194 3746 pulchrius
1199 3674 1257 3740 est,
1267 3658 1370 3722 melius
1377 3679 1438 3719 nos

395 3747 408 3781 ‘
421 3747 476 3809 sub
490 3747 617 3830 imperio
632 3759 741 3827 vestro,
751 3750 1094 3831 quamlegibusnostris,
1104 3749 1246 3811 victuros.
1258 3745 1441 3809 Eventuhu-

396 3833 467 3918 ‘jus
477 3834 546 3898 belli
563 3834 623 3897 duo
640 3835 784 3899 salutaria
797 3837 939 3921 exempla
948 3837 1072 3921 prodita
1087 3837 1220 3899 humano
1234 3834 1337 3918 generi
1355 3847 1440 3894 sunt.

395 4036 500 4090 ceptorcs
520 4025 613 4090 publice
633 4027 758 4076 docebantr
783 4043 906 4091 puerorum
961 4025 1031 4091 ⁷Ec]
1051 4025 1125 4076 Bella.
1141 4026 1243 4075 Observa
1251 4025 1382 4090 exemplum
1390 4037 1444 4071 ‹n-

396 4093 576 4142 comitsndorum
587 4093 736 4156 privatimque
752 4093 906 4142 instituendo·
929 4095 999 4143 rionis
1008 4092 1232 4154 grammaticalem:
1239 4090 1377 4155 momenti.

396 4171 448 4203 rum
459 4175 512 4206 eurr
523 4161 551 4208 ad
563 4161 692 4223 paedrgogos
702 4158 838 4223 pertinebat.
853 4159 907 4207 Nec
962 4155 1301 4225 Memmiosque]
1329 4157 1446 4204 Adrum

396 4221 464 4269 simul
474 4225 550 4286 plmes
560 4226 625 4290 pueri
643 4225 711 4272 unius
727 4225 830 4286 magistri
846 4240 908 4273 cure
932 4225 1031 4287 eosqui,
1044 4237 1069 4273 ut
1079 4239 1121 4272 nos
1131 4238 1211 4271 sumus
1220 4222 1310 4278 armati,
1319 4223 1352 4270 its
1367 4221 1447 4284 etipri

398 4285 507 4335 edocendi
524 4290 732 4339 demandabrnrur:
752 4292 792 4340 ssd
804 4307 858 4339 suus
868 4307 908 4339 cu·
932 4305 1023 4352 quoque
1035 4299 1194 4352 magenes.

398 4438 909 4597 quiitadsqiipubnturdddexbllss.rbl¹effl
931 4435 1084 4601 &aarum
1104 4501 1152 4536 Μ
1172 4496 1219 4546 “b
1234 4482 1279 4534 “ll
1305 4481 1402 4533 'lm‘
1420 4493 1451 4530 κ

421 4561 437 4595 n
448 4561 475 4598 ea
503 4563 541 4598 um
551 4561 619 4598 mmo·
986 4586 992 4602 ι
