3175 5200
361 328 423 387 etr
484 288 488 298 ’
798 322 883 385 mur
900 323 1001 384 mvu

196 498 230 547 u.
242 498 337 553 aaut.
364 479 426 543 vari
447 490 505 543 est.
527 476 583 542 sed
602 478 681 542 inter
691 488 805 555 cetera,
818 486 967 543 venustate
989 479 1190 566 incomperta.
1215 482 1276 547 boc
1290 497 1417 567 quoque

197 564 335 615 ΝΛΜ·
365 569 397 631 in
420 568 538 629 incerto
568 567 719 648 positum,
755 563 954 647 Trepidatum
976 567 1007 629 in
1030 566 1149 631 Etruria
1172 582 1221 635 cst
1235 582 1307 653 post
1320 570 1416 634 Fide·

367 676 421 715 nas
437 665 553 737 captas,
569 674 631 714 non
646 650 825 715 Veientibus
840 654 938 715 solum
952 655 1104 717 exterritis
1119 667 1203 719 metu
1224 659 1332 720 similis
1356 679 1415 720 ex·

367 741 451 818 cidii,
472 740 524 801 sed
545 740 638 801 etiam
650 738 775 801 Faliscis
793 739 942 801 memoria
956 740 1024 802 initi
1043 743 1142 823 primo
1160 765 1231 806 cum
1255 746 1293 807 iis
1312 744 1384 806 belli
1401 750 1413 822 3

367 846 552 909 quamquam
582 825 797 888 rebellantibus
820 847 883 887 non
900 826 1070 890 adfuerant
1104 828 1199 911 igitur
1224 850 1319 911 quum
1343 831 1412 893 duae

368 914 517 992 civitates,
533 913 642 993 legatis
658 916 683 958 ¹⁷
698 911 780 973 circa
803 912 965 975 duodecim
981 915 1111 996 populos
1132 918 1241 995 missis,
1256 919 1413 999 inpetras-
1484 984 1488 989 ,

367 1012 447 1078 seut,
470 1011 505 1062 ut
542 1000 617 1061 ad¹⁸
629 996 802 1061 Voltumnae
832 999 937 1060 fanum
961 1000 1145 1063 indiceretur
1169 1004 1252 1065 omni
1281 1002 1413 1065 Enunoe

368 1087 548 1149 concilium:
573 1086 655 1147 velut
674 1105 786 1166 magno
819 1085 891 1147 inde
917 1088 1049 1149 tumultu
1073 1088 1250 1169 inminente,
1285 1101 1410 1153 senatrrs

355 1171 467 1235 Mam.
488 1170 649 1234 AEmilium
679 1172 860 1234 dictatorem
886 1173 996 1235 iterum
1021 1174 1081 1235 dici
1116 1174 1217 1257 jussit.
1249 1177 1287 1237 ab
1312 1196 1349 1238 eo
1363 1176 1406 1237 A.

369 1258 540 1321 Postumius
566 1256 718 1319 Tubertus
743 1259 887 1339 magister
913 1259 1050 1339 equitum
1065 1270 1113 1322 est
1139 1262 1259 1340 dictus3
1280 1262 1408 1323 bellum·

367 1366 426 1428 que
455 1356 543 1408 tanto
569 1344 695 1426 majore,
719 1364 811 1426 quam
832 1345 984 1427 proximo,
1007 1359 1121 1408 conatu
1147 1350 1327 1432 adparatum
1352 1359 1411 1426 ast,

366 1432 563 1515 quantoplus
588 1444 653 1494 erat
681 1432 721 1493 ab
735 1431 820 1492 omni
832 1429 957 1495 Etruria
971 1434 1108 1514 periculi,
1124 1454 1219 1516 quarn
1240 1436 1279 1498 ab
1295 1435 1414 1497 duobus

366 1519 486 1602 populis
501 1518 613 1582 suerat.

408 1603 525 1668 XXIV.
549 1604 669 1667 lia-‘ras
680 1604 848 1693 ,aliquanto
863 1607 1090 1687 exspectatione
1104 1608 1243 1671 omnium
1262 1608 1414 1689 tranquil·

366 1692 423 1755 lior
447 1692 515 1755 fuit.
560 1690 785 1773 ltaque'q'uutn
808 1693 1018 1753 renunciatum
1041 1715 1061 1755 a
1077 1694 1298 1756 mercatoribus
1320 1704 1413 1770 esset,

366 1791 479 1860 negata
493 1777 670 1843 Veientibus
679 1777 802 1855 munilia,
812 1776 971 1859 justosque
985 1800 1040 1841 suo
1061 1780 1189 1846 consilio
1207 1780 1321 1842 bellum
1348 1780 1410 1841 ini·

366 1876 432 1929 tum
453 1866 513 1929 suis
536 1866 647 1928 viribus
674 1865 810 1947 exsequi,
843 1886 900 1927 nec
930 1865 1117 1928 adversarmn
1148 1886 1249 1929 rertrm
1275 1885 1410 1949 quaerere

367 1953 477 2031 socios,
488 1972 559 2017 cum
575 1952 683 2035 quibus
700 1955 724 1993 ¹⁹
740 1972 826 2035 rpem
840 1952 990 2033 integram
1010 1953 1227 2032 communicati
1240 1970 1303 2017 non
1323 1953 1407 2017 sintr

366 2050 432 2102 tum
455 2040 598 2119 dictator,
612 2059 651 2101 ne
667 2039 875 2121 nequidquam
889 2050 1008 2101 creams
1020 2050 1108 2118 esset,
1128 2040 1258 2101 materia
1271 2056 1409 2121 queren-

367 2126 413 2192 ὼε
436 2127 516 2189 bello
542 2127 645 2209 gloriae
659 2126 794 2203 ademta,
816 2126 847 2187 in
863 2146 940 2207 pace
955 2126 1071 2207 aliquid
1091 2126 1193 2209 operis
1204 2126 1306 2203 edere,
1328 2124 1412 2205 quod

367 2224 598 2277 monumentum
624 2224 705 2275 esset
729 2212 896 2292 dictatura,
931 2213 1068 2294 cupiens,
1090 2230 1250 2276 censuram
1274 2212 1415 2273 minuere

367 2310 476 2381 parat:
500 2321 552 2363 seu
579 2301 706 2363 nimiam
719 2310 905 2383 potestatem
925 2310 1020 2377 ratus,
1037 2320 1091 2361 seu
1102 2320 1164 2361 non
1179 2309 1244 2361 tam
1260 2298 1415 2380 magnita-

367 2387 440 2449 dine
464 2388 599 2465 bonoria,
614 2406 706 2467 quarn
730 2386 940 2463 diuturnitate,
950 2385 1104 2449 obieusns.
1128 2385 1289 2447 Contione
1309 2386 1416 2465 itaqua

367 2472 524 2549 advocata,
540 2471 782 2554 ‘rempublicam
797 2472 869 2532 foris
878 2471 1065 2553 gerendam,'
1082 2473 1136 2550 ait,
1152 2473 1301 2552 ‘tutaque
1310 2471 1416 2532 omnia

367 2559 378 2591 ‘
393 2558 572 2641 prestanda,
586 2556 669 2622 Deos
680 2558 858 2620 inmortales
866 2558 1034 2640 suscepisse
1046 2579 1055 2621 z
1067 2579 1110 2637 se,
1122 2556 1205 2641 quod
1218 2558 1300 2620 intra
1310 2577 1414 2619 muros

169 2663 172 2670 ·
200 2646 311 2726 Censura
367 2645 545 2726 ‘agendum
562 2656 652 2722 esset,
668 2644 802 2706 libertati
818 2645 921 2727 populi
937 2644 1069 2707 Bommi
1080 2643 1296 2706 consrrlturum.
1311 2643 1413 2705 maxi·

190 2722 291 2790 tempus
300 2729 338 2762 ¹¹¹·
368 2733 476 2792 ‘mam
486 2741 588 2792 autem
599 2730 665 2813 ejus
684 2731 854 2793 custodiam
867 2752 943 2809 esse,
955 2733 982 2792 si
997 2751 1107 2813 magna
1121 2731 1248 2812 imperia
1267 2729 1413 2800 diuturna

200 2791 324 2828 amusan.
367 2820 454 2880 ‘non
476 2829 594 2896 essent3
621 2829 652 2880 et
678 2817 826 2899 temporis
847 2818 956 2879 modus
985 2819 1186 2900 inponeretur,
1207 2817 1315 2897 quibus
1332 2813 1409 2896 juris

367 2905 376 2938 ‘
394 2904 501 2986 inponi
533 2926 595 2968 non
614 2915 728 2986 posset.
750 2904 837 2967 Alios
855 2906 1050 2986 magistratus
1062 2925 1175 2966 annuos
1187 2924 1261 2979 esse,
1272 2906 1301 2942 ¹⁰
1317 2902 1412 2983 quin·

367 2992 573 3074 ‘quennalem
598 3011 777 3053 carituram:
818 3011 908 3073 grave
934 3011 1010 3070 esse,
1033 2992 1141 3053 iisdem
1170 3010 1223 3072 per
1241 3000 1291 3050 tot
1316 3008 1413 3049 annos

367 3082 377 3113 ‘
392 3083 416 3122 ⁸¹
424 3091 628 3163 magnapsrte
633 3079 702 3140 vita
707 3077 857 3139 obnoxios
865 3078 973 3140 vivere.
983 3100 1016 3139 se
1026 3078 1272 3160 legsmlaturum,
1284 3097 1324 3137 ne
1334 3075 1414 3156 plus,

367 3168 377 3202 ‘
392 3187 485 3250 quarn
501 3188 603 3230 annua
612 3189 649 3228 ac
664 3164 829 3241 semestris,
844 3184 974 3226 cemma
985 3163 1086 3228 esset?
1118 3155 1278 3226 Con‘sensa
1293 3161 1413 3242 ingenti

367 3247 1289 3412 cssldsltffltrsrslnznrtent}
1304 3248 1416 3411 ”lli

365 3427 543 3488 ‘dictatura
560 3448 609 3488 me
625 3360 757 3488 abdico!
778 3423 929 3509 Deposito
945 3444 1001 3485 suo
1016 3357 1210 3505 magistliatu,
1227 3355 1417 3484 modblpalio·

366 3532 432 3574 rum
447 3513 637 3594 magistratui
662 3512 809 3596 inposito,
825 3516 853 3551 ²²
868 3511 929 3576 fine
945 3510 1031 3574 alteri
1042 3509 1068 3587 ⁶,
1080 3530 1151 3572 cum
1161 3509 1364 3592 gratulatione
1376 3527 1413 3567 ac

703 3686 792 3737 “rerba
803 3687 922 3743 tuntas·
932 3686 980 3736 del.
991 3685 1069 3736 noer.
1087 3709 1090 3714 ·

397 3822 418 3860 ¹⁷
435 3821 503 3874 Girsu
519 3819 742 3883 Mecbmpulm]
759 3819 876 3882 Sicplaaa
937 3817 963 3852 ⁸⁰
986 3814 1174 3876 Qciaqsermclem
1193 3827 1325 3861 mmmm
1350 3826 1421 3878 μω

639 3948 861 4013 „a
905 3882 962 3995 n
1070 3877 1420 4006 ateva,

363 3963 686 4081 baturnltgiaiidaap'opobt
819 3964 847 4009 κ
905 4025 1053 4076 grqoaarms.
1162 4075 1167 4086 ¹
1306 4072 1312 4083 ·

397 4083 418 4116 ¹⁸
431 4082 560 4144 Vocem]
575 4076 876 4131 Voltummrideturl'aissa
939 4076 961 4110 ⁹¹
978 4076 1065 4140 Magna
1072 4083 1136 4134 parte
1145 4073 1206 4136 aaa]
1217 4073 1246 4120 ln
1257 4073 1294 4136 ple
1355 4087 1421 4120 ere·

364 4145 407 4192 des
427 4147 540 4206 mamm,
556 4163 608 4210 qna
623 4147 682 4210 apud
694 4145 804 4194 Etruscos
813 4141 875 4190 tolc-
904 4142 957 4202 bas,
974 4139 1149 4202 iaquibmsita
1164 4151 1296 4200 compater.
1378 4153 1419 4186 em

363 4217 437 4256 taur.
468 4211 505 4256 Ad
521 4215 573 4275 ajat
588 4216 666 4262 tanum
684 4206 875 4259 convenirasolc·
905 4221 974 4254 seam
994 4204 1083 4267 scripsit
1102 4203 1154 4252 cie.
1170 4203 1187 4252 l.
1200 4217 1219 4251 t.
1239 4205 1270 4250 da
1286 4201 1334 4250 ΟΕ.
1351 4215 1378 4251 n.
1393 4204 1422 4255 t,

358 4271 418 4332 ¹bant
430 4271 520 4320 Etrusci
531 4279 615 4337 papuli,
627 4275 820 4339 queraadraodura
829 4273 875 4321 La·-
907 4269 980 4318 Nullo
987 4271 1109 4330 meite.
1118 4283 1240 4316 ...mre
1247 4266 1318 4329 officio
1326 4270 1402 4327 potat.

362 4335 533 4388 tiniedlucma
545 4340 683 4392 Ferentinae.
938 4333 962 4366 Μ
988 4331 1044 4380 Fano
1063 4331 1139 4394 alan]
1175 4331 1249 4380 Recte
1272 4332 1363 4380 virimar
1383 4330 1425 4379 st·

398 4399 877 4470 atwrmqspmseniia·
906 4397 987 4460 gaas·
1016 4397 1097 4449 &bra
1129 4400 1181 4447 bet
1210 4396 1422 4463 *brunsw

363 4467 469 4534 cipitutit
480 4465 699 4522 nullastlrmahh
705 4471 859 4524 'nahum
906 4475 986 4518 stu·
1138 4512 1143 4524 .
1420 4481 1427 4500 ’
