3175 5200
373 400 434 455 uu
748 390 757 401 “
803 384 892 445 ΤΙΤΙ
909 383 1014 445 mvn

207 542 643 619 u‚c,315,seeumtrahere;
676 538 759 601 haud
790 538 916 603 dubium
946 541 1137 603 consulatum
1166 542 1272 605 favore
1300 562 1338 605 ae
1368 562 1424 625 spe

209 630 282 683 M.
291 632 357 681 ⁴³2·
375 627 632 713 despondentem.
686 624 766 707 lpse,
788 634 824 687 ut
846 637 894 688 est
915 628 1064 689 humanus
1090 628 1208 690 animus
1238 628 1421 691 insatiabilis

277 754 279 759 ,
377 736 416 777 eo
443 714 525 799 quod
555 713 679 775 fortuna
709 710 851 794 spondet,
890 712 931 774 ad
969 714 1079 776 ultim
1115 726 1148 777 et
1182 734 1256 775 non·
1279 734 1425 777 concessa

377 801 513 863 tendere.
543 810 585 875 ct,
612 797 756 878 quoniam
779 798 954 862 consulatus
978 820 1098 881 quoque
1123 800 1296 881 eripiendus
1322 802 1425 863 invitis

376 886 515 947 Patribus
545 892 635 960 esset,
664 883 704 945 de
730 904 823 963 regno
844 885 981 965 agitare:
1004 886 1038 949 id
1065 906 1159 947 unum
1182 888 1309 967 dignum
1335 898 1425 949 tanto

378 972 527 1051 adparatu
552 969 747 1033 consiliorum
771 980 803 1031 et
833 972 1010 1049 certamine,
1034 973 1117 1053 quod
1138 973 1245 1054 ingens
1270 974 1423 1035 exsudm-

377 1055 450 1116 dum
476 1066 567 1132 esset,
597 1056 753 1137 praemium
778 1054 853 1117 lore.
896 1056 969 1119 Jarn
990 1058 1117 1121 comitia
1138 1059 1308 1120 consularia
1326 1059 1424 1121 insta·

377 1142 461 1205 bant.
490 1159 556 1221 que
585 1162 632 1204 res
659 1162 740 1218 eum,
775 1143 908 1203 necdum
945 1144 1124 1227 compositis
1154 1146 1314 1207 mamrisve
1346 1146 1424 1206 satis

378 1226 523 1305 consiliis,
554 1228 716 1310 obpressit.
761 1225 874 1289 Consm
904 1240 1023 1291 sextum
1053 1242 1175 1291 creatus
1199 1229 1239 1291 Τ.
1261 1230 1423 1301 Quinctius

379 1311 581 1395 Capitolinus,
602 1314 728 1375 minime
748 1334 767 1374 o
789 1326 937 1396 portunus
952 1316 998 1376 vir
1011 1319 1036 1361 ⁷¹
1047 1317 1174 1381 novanti
1189 1316 1280 1381 resls
1303 1315 1424 1398 collega

211 1413 355 1465 uasto.
378 1398 501 1464 additur
522 1400 549 1461 ei
573 1398 710 1484 Agrippa
775 1400 910 1477 enenius,
936 1402 986 1463 eui
1009 1400 1130 1465 Lanato
1152 1415 1218 1466 erat
1242 1422 1423 1484 cognomen.

209 1478 350 1559 A·⁰·⁴³⁶:
378 1496 411 1555 et
434 1484 469 1549 L.
499 1484 656 1550 Minucius
690 1486 848 1569 prefectus
883 1507 1023 1566 annonae,
1061 1509 1115 1550 seu
1143 1492 1170 1536 ⁷¹
1186 1490 1325 1566 refccurs,
1357 1510 1424 1567 seu,

207 1542 359 1673 bfflff
378 1572 479 1656 quoad
494 1592 541 1635 res
555 1583 705 1655 posceret,
727 1572 758 1635 in
774 1572 925 1641 incertum
939 1587 1071 1637 creatus.
1091 1575 1166 1637 nibil
1185 1577 1269 1638 enim
1292 1586 1424 1654 constat,

208 1674 322 1725 Maenio
377 1660 435 1723 nisi
465 1660 498 1720 in
527 1658 620 1721 libros
645 1659 754 1723 linteos
779 1671 909 1742 utroque
934 1681 1016 1723 anno
1045 1662 1173 1723 relatum
1199 1662 1282 1725 inter
1308 1663 1423 1743 magis·

207 1742 274 1792 ⁰⁰²
377 1756 473 1812 cratus
494 1745 629 1829 prefecti
654 1766 777 1811 nomen.
821 1743 883 1809 Hic
913 1745 1077 1825 Minucius,
1099 1747 1276 1809 eamdem
1299 1749 1425 1829 publice

376 1832 566 1897 curationem
592 1852 687 1915 agens
697 1832 717 1912 ¹,
739 1852 830 1915 quam
846 1830 965 1895 Maelius
977 1834 1117 1915 privatim
1141 1832 1293 1915 agendam
1315 1852 1421 1895 susce·

374 1932 474 2002 perat,
490 1940 583 2001 quum
599 1920 630 1983 in
655 1930 783 2001 utraque
809 1919 904 1983 domo
924 1940 1017 2001 genus
1041 1920 1123 1982 idem
1144 1919 1301 1981 bominum
1316 1938 1420 1979 versa-

374 2017 468 2085 retur,
491 2026 555 2070 rern
578 2017 767 2089 compertam
794 2006 994 2074 adsensurus
1019 2006 1121 2084 refert,
1142 2004 1240 2067 ‘Tela
1250 2006 1283 2067 in
1292 2004 1420 2067 domurn

374 2090 496 2163 ‘Maelii
517 2091 662 2171 conferri,
689 2112 819 2174 eumque
838 2093 1001 2157 conciones
1031 2092 1114 2154 dorni
1137 2092 1270 2153 babere:
1293 2111 1330 2153 ac
1353 2111 1419 2152 non

374 2177 386 2212 ‘
400 2178 494 2242 dubia
504 2179 590 2261 regni
602 2180 730 2246 consilia
741 2200 818 2243 esse.
830 2178 1083 2263 tempusagendse
1102 2178 1145 2241 rei
1159 2176 1297 2239 nondum
1314 2188 1419 2253 stare3

302 2270 305 2277 “
373 2264 503 2332 ‘cetera
509 2266 577 2349 jam
593 2268 770 2330 convenisse
779 2288 790 2345 3
815 2279 848 2328 et
864 2266 1002 2330 tribunos
1022 2265 1163 2327 mercede
1176 2275 1277 2327 emtas
1294 2262 1336 2323 ad
1348 2281 1422 2343 pro·

373 2352 530 2418 ‘dendarn
545 2353 730 2433 libertatem,
752 2362 784 2417 et
801 2352 916 2435 partita
930 2352 1059 2416 ducibus
1070 2350 1273 2416 multitudinis
1284 2348 1421 2410 ministe-

372 2437 443 2499 ‘ria
472 2446 548 2507 esse.
594 2436 697 2501 Serius
723 2460 756 2501 se
780 2458 872 2522 pene,
903 2458 995 2519 wem
1016 2448 1117 2499 tutum
1141 2435 1244 2512 merit,
1268 2455 1308 2496 ne
1334 2432 1419 2516 cujus

371 2523 504 2585 ‘incerti
515 2524 645 2606 vanique
656 2535 762 2587 auctor
786 2536 877 2603 esset,
903 2544 942 2583 ea
956 2519 1095 2585 deferre’
1127 2523 1153 2574 7ι
1171 2520 1417 2604 Quaepostqnarn

197 2623 200 2628 '
266 2643 269 2648 ·
371 2621 442 2670 sunt
468 2609 585 2688 audita,
613 2623 646 2676 et
672 2612 806 2690 undique
832 2609 979 2690 primores
1005 2606 1127 2670 Petrum
1156 2619 1190 2669 et
1215 2606 1323 2690 prioris
1345 2607 1417 2668 anni

371 2695 511 2770 eonsules
535 2697 739 2778 increparent,
770 2693 854 2775 quod
873 2713 925 2754 ess
945 2693 1122 2774 largitiones
1142 2705 1298 2776 coctusque
1322 2693 1420 2775 plebis

370 2779 403 2842 iu
423 2780 543 2864 privata
558 2781 651 2846 domo
666 2782 747 2862 passi
773 2789 876 2840 essem
896 2778 971 2856 lieri,
994 2789 1027 2839 et
1048 2799 1144 2842 novos
1166 2779 1313 2856 eonsules,
1334 2778 1433 2860 quod.

257 2873 262 2882 “
369 2877 618 2948 exspectassent,
637 2865 734 2927 donec
758 2886 777 2929 a
798 2865 943 2947 prefecto
957 2883 1085 2928 annona
1106 2876 1194 2929 tanta
1214 2887 1261 2927 res
1276 2865 1316 2926 ad
1329 2875 1420 2926 sena-

368 2963 435 3015 tum
460 2951 635 3030 deferretur,
658 2973 723 3034 quse
747 2951 903 3014 consulem
927 2971 989 3013 non
1011 2955 1038 2998 ⁷⁸
1052 2965 1208 3015 auctorem
1223 2953 1321 3017 solum
1335 2951 1417 3013 desi·

370 3037 507 3116 deraret,
523 3037 578 3100 sed
592 3038 710 3100 etiam*
724 3037 897 3115 vindicem3
921 3050 988 3100 tum
1001 3036 1041 3100 Τ.
1057 3039 1229 3117 Quinctius,
1252 3041 1262 3072 ‘
1277 3039 1416 3100 consules

369 3125 379 3158 ‘
394 3125 536 3188 inmerito
559 3123 731 3208 increpari,’
757 3126 812 3202 ait,
834 3126 844 3157 ‘
859 3125 922 3207 qui,
949 3125 1105 3186 constricti
1120 3125 1237 3208 legibus
1251 3125 1291 3186 de
1305 3145 1416 3207 provo·

368 3211 380 3244 ‘
393 3211 798 3274 cationeaddissolvendum
814 3212 973 3294 imperium
989 3211 1070 3290 latis,
1085 3231 1276 3293 nequaquam
1291 3223 1413 3274 tanturn

368 3299 500 3362 ‘virium
519 3299 550 3362 in
574 3299 754 3380 magistratu
769 3299 893 3360 adeam
909 3318 974 3361 rern
989 3319 1046 3381 pro
1068 3298 1233 3360 atrocitate
1255 3296 1415 3358 vindican-

368 3385 478 3466 ‘dam‚
494 3398 642 3466 quantum
663 3386 769 3464 animi,
792 3385 951 3448 haberent.
972 3405 1049 3466 opus
1063 3405 1129 3464 esse
1145 3405 1206 3446 non
1223 3385 1296 3446 forti
1316 3383 1416 3444 solum

367 3470 379 3503 ‘
392 3471 467 3547 viro,
481 3471 537 3542 sed
551 3471 644 3533 etiam
659 3475 686 3518 ⁷⁸
697 3473 792 3534 libero
804 3472 1007 3551 exsolutoque
1020 3465 1120 3552 legum
1134 3470 1273 3548 vinculis.
1308 3467 1416 3550 ltaque

366 3554 425 3614 ‘se
441 3555 624 3626 dictatorem
640 3554 676 3620 L.
691 3557 868 3627 Quinctium
893 3557 1055 3620 dicturum.
1085 3557 1126 3619 ibi
1156 3557 1292 3619 animum
1307 3575 1415 3636 parem

366 3641 382 3718 ‘¹
392 3650 484 3702 tante
499 3643 645 3724 potestati
657 3641 745 3706 esse’
789 3643 1041 3727 Adprobantibus
1055 3643 1184 3721 cunctis,
1200 3644 1301 3726 primo
1315 3639 1415 3710 Quin-

404 3761 530 3814 *mamae
540 3767 573 3814 rei
589 3764 646 3815 MS.
658 3764 739 3815 Veitit.
802 3766 909 3816 learrdon
919 3767 952 3815 rei
960 3767 1134 3828 procomtionen
1145 3775 1213 3832 ugmt
1229 3765 1284 3816 MS.
1293 3763 1376 3813 Veith.

716 3827 804 3880 *eim
813 3833 900 3881 abesto
916 3831 971 3880 MS.
984 3828 1063 3880 Veitb.

327 3891 330 3896 1
373 3899 375 3904 ¹
395 3928 418 3966 ⁷¹
430 3927 445 3960 ⁸
457 3925 608 3994 Nomius]
627 3929 676 3979 vu
689 3939 738 3978 not.
753 3931 793 3980 88.
812 3929 841 3977 ad
859 3945 875 3980 r.
909 3929 1209 4007 peppmrideturapeuram.
1241 3927 1286 3974 Sed
1301 3924 1420 3974 nonabsi-

362 3993 419 4096 m‘l'
429 4059 444 4092 ⁸
454 4059 570 4126 Maru]
586 4061 675 4110 lterum
685 4070 783 4116 creatus.
799 4059 819 4108 si
834 4076 876 4125 pe·
909 3994 959 4109 sapt:
969 3993 1098 4120 papa&
1108 3993 1240 4114 billlellll
1250 3989 1423 4102 bili-w

361 4131 433 4172 tenu
445 4129 495 4186 ejus
507 4142 561 4175 com
572 4141 632 4174 anno
643 4126 714 4174 linem
725 4117 851 4188 receperat.
908 4130 1027 4185 mnarum
1038 4156 1044 4172 .
1057 4158 1064 4172 .
1078 4159 1084 4171 .
1098 4120 1280 4171 ,mutatas
1286 4117 1394 4180 moseres

394 4185 416 4219 ⁷³
434 4185 787 4254 &manuuammmm
862 4187 875 4252 ]
939 4185 1323 4249 ⁷⁵·Aosam1Ausoretmc
1338 4199 1358 4232 sa
1376 4185 1420 4244 qui

363 4242 502 4326 Quisnam
516 4255 637 4305 florebelli
647 4272 661 4303 ι
672 4255 765 4318 Sigonio
775 4266 801 4304 et
906 4253 1010 4318 ponceps
1026 4268 1077 4302 rem
1094 4253 1199 4317 espault,
1214 4262 1240 4300 et
1255 4266 1280 4303 se
1291 4248 1374 4298 ceteris
1383 4248 1420 4298 rei

361 4327 430 4390 ΜΨ
443 4319 597 4396 mprebm.
626 4319 875 4384 potestisne-mi-
908 4318 1043 4380 lacipieodre
1061 4319 1155 4376 ducem,
1170 4318 1315 4379 monitorem,
1339 4329 1420 4378 exem-

358 4377 696 4508 ammam
710 4452 789 4500 audita
812 4457 836 4498 a
847 4480 874 4497 ..
905 4381 1203 4522 μηῖῗᾞηὲὶυψ
1218 4447 1293 4522 ιαμ
1311 4441 1417 4505 ammo]

359 4505 509 4575 lm]
537 4507 597 4564 HR
620 4515 731 4568 «sumu
756 4481 873 4568 nrbetan
905 4509 990 4576 Euhie
1006 4500 1421 4594 Quatdvmboeollrgipomide·
