3175 5200
408 311 467 368 neo
833 295 1040 358 '15ssless
1073 309 1078 316 ·

241 388 380 498 na'm.
401 447 498 533 jubet.
523 448 578 512 scd
602 446 749 510 celeriora
771 463 875 525 prope-
889 442 994 505 omnia
1019 441 1147 526 imperio
1183 452 1284 506 aaut.
1346 439 1463 524 Rapta

241 505 379 560 A'Qm
406 535 569 618 extemplo
584 534 672 615 signa
693 550 855 610 armaque;
878 541 911 592 ct
932 531 983 592 vix
1003 529 1042 590 ab
1061 528 1170 612 inpetu
1191 541 1225 591 et
1247 550 1340 592 cursu
1363 540 1463 590 tene·

405 623 526 686 bantur.
551 641 643 701 quum
669 618 714 678 ira
736 615 774 677 ab
797 625 926 698 accepta
943 635 1038 698 nuper
1061 615 1151 677 clade
1165 615 1361 693 stimulabat,
1385 627 1462 678 term

407 707 589 772 concitatior
603 701 743 764 accidens
758 701 874 764 clamor
897 701 937 762 ab
959 701 1145 764 increscente
1159 701 1342 764 certamine.
1391 699 1461 762 Ur·

330 851 341 860 .
407 807 503 878 guent
514 793 615 870 itaque
627 788 678 850 alii
690 789 776 866 alios,
792 788 1011 869 hortanturque
1026 787 1195 869 signiferos,
1209 798 1247 850 ut
1260 786 1350 850 ocius
1367 799 1460 850 eant.

407 901 469 961 qno
490 876 586 957 magis
608 874 785 937 festinantes
806 873 892 936 ridet
913 875 1058 951 dictator,
1073 894 1110 937 eo
1132 873 1287 958 inpensius
1309 885 1460 938 retentat

409 985 529 1046 agmen,
551 983 586 1024 nc
606 962 718 1024 sensim
738 960 878 1022 incedere
892 958 992 1042 jubet.
1034 958 1156 1022 Etrusci
1175 970 1305 1038 contris„
1321 962 1350 999 ι’
1363 960 1458 1041 prin·

409 1051 490 1133 cipio
503 1047 594 1114 exciti
609 1069 727 1131 pugna,
741 1047 881 1108 omnibus
903 1047 999 1129 copiis
1018 1047 1156 1109 aderant.
1197 1044 1239 1109 Et
1259 1067 1361 1128 snper*
1373 1047 1456 1108 alios

409 1137 461 1198 alii
483 1135 627 1200 nunciant
649 1134 802 1211 dictatori,
833 1154 939 1196 omrres
960 1134 1095 1215 legiones
1114 1131 1315 1196 Etruscorum
1338 1153 1456 1215 capas·

409 1224 483 1302 sisse
497 1243 631 1306 pugnam
640 1243 650 1300 3
674 1241 731 1282 nec
751 1218 819 1302 jam
842 1221 880 1282 ab
902 1219 964 1282 suis
979 1219 1074 1282 resisti
1090 1240 1209 1302 posser-
1219 1231 1254 1282 et
1267 1220 1335 1302 ipse
1351 1220 1456 1282 ceruit

409 1331 448 1370 ex
470 1309 621 1391 superiore
646 1307 725 1385 loco,
755 1305 799 1368 in·
812 1316 927 1388 quanto
951 1305 1126 1371 discrimine
1156 1305 1330 1388 presidium
1359 1317 1455 1368 esset.

410 1394 564 1472 Ceterum,
589 1394 672 1457 satis·
689 1392 782 1454 fretus
806 1414 874 1454 esse
895 1391 1094 1455 etiam-nnnc
1108 1390 1268 1454 tolerando
1283 1393 1455 1454 certamini

408 1481 554 1563 legatum,
583 1501 640 1542 uec
674 1501 716 1540 se.
736 1477 850 1560 procul·
875 1479 990 1541 abesse·
1005 1478 1131 1562 periculi
1160 1477 1324 1557 vindicem,
1358 1499 1455 1560 qnam

408 1568 540 1628 maxime
561 1566 624 1628 vult
650 1565 770 1647 setigeri
796 1565 927 1643 hostem,
951 1576 986 1627 ut
1007 1564 1133 1646 integris
1158 1564 1312 1626 adoriatm
1334 1564 1454 1626 viribus

407 1651 513 1714 fessos.
557 1649 750 1732 Quamquam
774 1652 855 1713 lente
879 1650 1060 1733 procedunt,
1079 1648 1148 1732 jam
1166 1661 1270 1712 tamen
1295 1649 1337 1712 ad
1361 1650 1454 1732 inpe-

408 1749 479 1812 tum
488 1737 679 1819 capiendum,
695 1735 789 1816 equiti
805 1734 922 1816 ntique,
936 1735 1090 1798 modicum
1106 1749 1172 1798 erat
1186 1735 1326 1819 spatium.
1336 1736 1457 1818 prima

408 1824 590 1886 incedebant
615 1824 702 1904 signa
723 1823 890 1906 legionum,
916 1842 966 1884 ne·
981 1823 1055 1903 qnid
1080 1821 1235 1884 occultum
1257 1835 1307 1885 aut
1329 1843 1456 1904 repen·

408 1909 507 1971 tinum
522 1909 618 1971 hostis
627 1909 774 1970 timeret:
796 1908 851 1970 sed
874 1907 1036 1988 reliquerat
1058 1908 1216 1970 intervalla
1229 1908 1306 1970 inter
1320 1909 1455 1969 ordinas

408 1996 560 2079 peditum,
573 2016 633 2075 qus
647 1994 807 2057 satislaxo
820 1994 920 2078 spatio
934 1994 1005 2076 eqni
1019 1995 1152 2078 permitti
1166 2007 1304 2078 possent.
1353 1997 1380 2039 ¹⁷
1393 1993 1452 2056 Pa·

410 2083 483 2146 riter
497 2081 618 2143 sustulit
632 2081 795 2144 clamorem
811 2081 912 2158 acies;
934 2093 967 2142 et
990 2081 1225 2162 emissuseqnes
1246 2079 1453 2143 libero-cursu

410 2169 443 2230 in
462 2169 581 2230 hostem
606 2168 765 2245 invehitur,
786 2167 1083 2249 ”incompositisque
1105 2166 1248 2229 adversus
1273 2179 1453 2249 equestrem

410 2254 574 2338 procellam
600 2253 733 2316 subitum
759 2273 902 2336 pavorem
936 2253 1087 2316 obfundit.
1143 2251 1263 2334 ltaque,
1288 2265 1326 2316 ut
1356 2275 1453 2336 prope

411 2361 510 2419 serum
531 2339 674 2403 auxilinm
691 2337 757 2421 jam
772 2360 851 2421 pene
865 2339 1085 2418 circumventis,
1110 2338 1155 2402 ita
1174 2340 1319 2402 universa
1332 2340 1453 2422 requies

410 2427 484 2490 data
498 2438 552 2490 est.
576 2425 684 2508 integri
707 2446 851 2508 accepere
865 2445 1019 2508 pugnam:
1041 2447 1098 2488 nec
1118 2425 1240 2508 err—ipsa
1262 2425 1374 2508 longa,
1397 2437 1453 2487 ant

408 2533 519 2595 anceps
542 2513 610 2574 luit.
653 2511 723 2572 Fusi
749 2511 853 2574 hostes
881 2524 983 2574 castra
1010 2523 1161 2595 repetunt,
1185 2511 1452 2593 inferentibusque

403 2597 471 2681 jam
493 2599 581 2681 signa
603 2597 750 2661 Romanis
771 2597 894 2675 cedunt,
916 2609 948 2660 ct
969 2597 1002 2661 in
1022 2597 1163 2662 ultimam
1183 2610 1361 2663 castrorum
1383 2621 1452 2683 par·

406 2696 468 2763 tem
494 2686 727 2765 conglobantur.
779 2682 906 2745 Haerent
936 2684 1086 2765 firgientcs
1112 2686 1145 2747 in
1171 2686 1319 2767 augrrstiis
1343 2699 1449 2770 porta·

406 2792 495 2847 rum:
517 2792 586 2852 pars
610 2790 721 2851 magna
745 2790 887 2851 aggerem
910 2769 1081 2851 vallumque
1104 2771 1330 2853 conscendunt,
1356 2774 1452 2834 siant

406 2878 446 2921 ex
459 2857 612 2939 superiore
636 2857 706 2919 loco
729 2855 806 2918 tueri
831 2876 875 2933 se,
900 2868 954 2919 aut
976 2876 1117 2939 superare
1141 2858 1242 2939 aliqua
1259 2870 1295 2920 et
1320 2859 1451 2921 evadere

406 2956 554 3027 possent,
583 2940 673 3005 Ferte
696 2942 830 3025 quodam
854 2942 923 3004 loco
942 2942 1023 3005 mole
1044 2943 1189 3007 dematur
1198 2964 1298 3025 *agger
1312 2944 1451 3027 pondere

409 3027 705 3112 ¹'superstantium‘l
734 3028 766 3091 in
795 3027 907 3091 fossam
947 3030 1126 3112 procubuit:
1164 3042 1257 3111 atque
1286 3050 1341 3091 ea·
1357 3051 1451 3111 quum

407 3114 492 3179 Deos
526 3116 658 3199 pandere
688 3115 768 3177 viam
801 3114 880 3197 fugae
905 3115 1159 3198 conclamassent,
1181 3115 1280 3198 plures
1304 3116 1451 3194 inermes,

409 3223 500 3285 quam
523 3202 642 3282 armati,
665 3201 808 3264 evadunt.
850 3198 921 3262 Hoc
945 3202 1052 3284 proelio
1078 3201 1181 3266 fractae
1205 3201 1318 3265 iterum
1339 3200 1454 3265 Etrus·

409 3310 513 3351 corum
535 3288 632 3351 vires:
655 3299 697 3365 et,
717 3299 809 3370 pacto
830 3306 932 3349 annuo
952 3288 1113 3369 stipendio,
1128 3300 1161 3351 et
1175 3287 1271 3350 duom
1291 3290 1453 3351 mensium

409 3376 570 3453 frumento,
593 3375 771 3457 permissum
786 3373 825 3434 ob
840 3372 1001 3452 dictatore,
1023 3379 1059 3437 'nt
1082 3375 1121 3436 de
1137 3395 1214 3457 pace
1233 3373 1357 3456 legatos
1376 3377 1454 3439 mit-

408 3472 509 3523 terent
533 3458 673 3523 Romam.
717 3458 782 3521 Pax
807 3470 934 3541 negata:
957 3459 1086 3521 inducia
1104 3460 1218 3524 biennii
1237 3460 1329 3523 datas.
1346 3462 1455 3525 dieta·

380 3550 383 3557 '
408 3559 459 3611 tor
474 3546 662 3627 triumphans
684 3546 717 3607 in
741 3546 847 3607 urbem
870 3545 970 3607 rediit.
1014 3544 1124 3609 Habeo
1138 3556 1288 3625 auctores,
1301 3547 1375 3609 siue
1388 3549 1457 3611 ullo

409 3632 596 3695 memorabili
621 3632 729 3715 proelio
748 3643 895 3713 pacatam
912 3632 952 3693 ab
967 3632 1116 3695 dictatore
1130 3632 1281 3695 Etruriam
1297 3654 1381 3713 esse,
1393 3656 1458 3696 ‚se-

410 3719 574 3783 ditionibus
598 3731 717 3783 tanturn
740 3716 950 3781 Arretinorum
968 3716 1320 3802 compositis,.et·Cilnio
1333 3740 1460 3801 genere

785 3865 799 3901 ὖ
811 3867 992 3928 nmnmsutinra
1001 3864 1077 3917 Gron.

443 3968 464 4006 ¹⁸
477 3970 491 4002 *
504 3972 618 4035 Principio
634 3972 697 4023 exciti
712 3968 804 4051 pugne]
822 3970 909 4020 Princi·
940 3972 1049 4037 picudnm
1069 3974 1184 4038 εςιιίιιιιιι
1203 3972 1276 4024 effuso
1292 3991 1367 4026 cursu
1390 3980 1463 4029 im·

409 4038 447 4103 pio
462 4038 537 4087 stetim
556 4054 636 4102 pugnes
652 4054 665 4087 a
681 4038 728 4086 ruis
746 4037 910 4087 insidiatoribus
941 4038 1017 4087 dantia
1025 4040 1145 4103 impetunt.
1280 4046 1284 4052 '

409 4104 735 4153 commissaexririecsstris.
786 4128 789 4135 ·
974 4104 995 4141 ¹⁹
1021 4102 1206 4167 Srrprrrtantiurr]
1235 4102 1298 4154 Hac
1320 4118 1360 4156 est
1383 4113 1467 4174 aelp-

443 4168 464 4205 ¹⁷
487 4164 592 4235 Pariter}
616 4170 670 4217 Uno
695 4168 821 4233 eodemque
850 4179 911 4217 teur-
941 4163 993 4218 turi
1011 4164 1139 4235 rosunum
1162 4163 1264 4219 omnium
1285 4173 1408 4231 ecdicum,
1433 4190 1466 4225 ur

463 4264 471 4279 .
821 4294 826 4301 .
942 4248 966 4283 et
989 4234 1113 4298 Sigouitni:
1149 4235 1228 4297 Vulgo
1249 4242 1473 4299 nnumin:

442 4294 812 4363 ¹⁸·1neompatrir...aarorrur]
829 4299 924 4356 Quum*
943 4302 1001 4365 quod
1022 4301 1247 4352 sermocinandum
1269 4314 1306 4361 est
1326 4315 1466 4367 sperarem

408 4358 550 4434 incompositi
574 4378 649 4415 esent
673 4382 723 4447 pre
749 4367 830 4415 ardore
854 4382 911 4431 pog-
942 4366 1079 4432 per‘rrutru
1097 4363 1203 4434 deinceps
1221 4366 1354 4436 stiriorres,¹
1373 4381 1405 4420 or
1422 4372 1466 4439 fit,

408 4424 574 4491 nitidumque
595 4431 652 4481 adeo
673 4433 777 4498 imparati
800 4432 829 4483 sd
849 4434 916 4485 erete'
943 4442 1097 4501 propagatum
