3175 5200
511 344 588 404 LIB.
600 342 654 405 111.
674 341 757 403 csP.
771 341 882 403 LXIX.
1157 352 1216 407 228

178 494 190 528 ‘
205 497 355 562 delecmm
368 498 484 580 haberi,
494 512 526 565 et
540 502 629 565 educl
642 502 851 565 exereitumln
862 498 1008 583 Algidum
1016 496 1117 583 jussit.
1128 498 1216 563 aeds
1230 511 1264 572 u.
1274 511 1304 562 ο.
1314 513 1373 565 aas.

177 582 270 648 ‘mus
296 587 414 649 desides
435 588 529 667 domi,
560 587 719 652 mulierum
740 590 800 651 ritu
831 590 910 650 inter
934 610 989 651 nos
1019 588 1216 665 altercantem
1230 578 1370 631 ΑΜΒ·

177 669 188 701 ‘
204 676 343 754 praesenti
355 694 431 756 pate
447 676 517 755 laeti,
529 696 585 739 nec
598 688 774 754 cernentes,
783 676 896 737 exotio
907 675 1050 737 illobrevi
1059 675 1219 758 multiplex

177 756 187 787 ‘
203 760 315 823 bellum
321 762 496 825 rediturum.
506 762 564 825 His
574 785 632 845 ego
641 764 776 845 gratiora
785 762 872 825 dictu
881 761 1011 823 aliaesse
1020 762 1219 823 sciorsedme

176 842 187 875 ‘
202 867 273 907 vera
282 869 336 929 pro
342 851 536 931 gratisloqui,
543 852 605 913 etsi
614 872 717 913 meum
725 850 882 931 ingenium
889 869 952 911 non
959 859 1219 927 moneret,neces⁴

177 931 188 964 ‘
203 934 275 997 sitas
282 937 373 1019 cogit.
383 936 501 999 Vellem
513 937 745 1019 equidemvobis
759 937 889 1019 placere,
895 936 1031 1006 Quirites
1035 958 1047 1012 ;
1057 935 1111 997 sed
1123 936 1219 997 multa

177 1018 189 1051 ‘
203 1021 284 1082 malo
295 1045 347 1085 vos
359 1024 458 1086 salvos
464 1046 541 1103 esse,
551 1025 764 1106 qualicumque
775 1044 849 1105 erga
858 1044 909 1085 me
920 1023 1024 1085 animo
1036 1020 1128 1083 futuri
1138 1022 1219 1085 estlsr

177 1106 388 1177 ‘Naturahoc
404 1112 448 1174 ita
465 1124 675 1196 comparatum
685 1123 742 1189 est,
759 1122 805 1189 ut,
825 1111 875 1191 qui
894 1109 978 1192 apud
994 1108 1220 1171 multitudinem

176 1191 256 1256 ‘sus
266 1216 373 1259 caussa
382 1208 397 1237 ¹¹
407 1200 550 1281 loquitur,
564 1200 679 1281 gratior
691 1220 729 1260 eo
745 1199 797 1275 sit,
812 1195 897 1279 cujus
912 1216 999 1258 meus
1012 1194 1100 1274 nlhil,
1115 1206 1222 1278 praeter

175 1278 357 1361 ‘publicum
367 1286 574 1365 commodum,
582 1287 676 1349 videt.
688 1286 745 1347 nisi
754 1284 834 1347 forte
849 1284 1057 1345 adsentatores
1072 1283 1221 1366 publicos,

92 1412 95 1421 .
175 1364 369 1447 ‘plebicolas
378 1374 465 1451 istos,
484 1374 535 1455 qui
544 1395 597 1435 vos
613 1372 814 1435 necinarmis
828 1371 929 1433 necin
943 1371 1087 1433 otioesse
1107 1369 1221 1447 sinunt,
1274 1364 1282 1385 ‘

176 1453 187 1485 ‘
203 1467 303 1519 vestra
311 1478 365 1519 vos
375 1480 483 1521 caussa
491 1462 618 1523 incitare
630 1471 662 1523 et
671 1459 828 1524 stimulare
839 1457 966 1540 putatis.
989 1454 1158 1533 concitati,
1168 1467 1221 1517 aut

176 1541 186 1572 ‘
203 1540 322 1623 honori,
342 1557 395 1607 aut
411 1546 536 1627 questui
546 1548 605 1611 illis
617 1548 712 1609 estis:
730 1557 763 1608 et
775 1546 847 1627 quia
857 1546 889 1607 in
904 1542 1219 1607 concordiaorditrum

175 1626 186 1657 ‘
201 1629 299 1691 nullos
310 1651 342 1692 se
351 1652 478 1713 usquam
488 1654 553 1695 esse
565 1634 680 1711 vident,
686 1633 773 1695 malta
783 1632 826 1693 rei
836 1653 880 1710 se,
886 1652 978 1713 quam
983 1631 1106 1708 nullius,
1114 1629 1220 1691 turba·

122 1759 128 1767 .
175 1713 267 1776 ‘rum
284 1739 319 1787 ac
330 1718 525 1799 seditionum,
550 1720 642 1783 duces
658 1720 848 1783 essevolunt.
871 1718 1007 1788 Quarum
1016 1737 1115 1779 rerum
1129 1716 1156 1776 si
1166 1736 1220 1777 vos

173 1799 185 1832 ‘
199 1802 323 1865 taedium
332 1806 458 1867 tandem
477 1827 586 1888 capere
598 1818 710 1890 potest,
720 1818 752 1867 et
760 1815 882 1888 patrum
891 1817 1066 1884 vestrosque
1077 1802 1218 1883 antiquos

173 1885 185 1916 ‘
199 1906 299 1951 mores
305 1892 396 1953 vultis
407 1912 464 1975 pro
473 1892 520 1953 his
531 1893 617 1955 novis
628 1912 756 1969 sumere,
766 1891 851 1952 nulla
861 1890 1012 1973 supplicia
1021 1908 1149 1966 recuso,
1160 1888 1220 1949 nisi

172 1971 303 2055 ‘paucis
320 1978 425 2039 diebus
435 1979 491 2041 hos
507 1981 701 2063 populatores
723 1998 865 2061 agrorum
881 1988 1054 2039 nostrorum
1065 1975 1147 2037 fusos
1172 1974 1220 2035 lu-

172 2058 345 2151 ‘gatosque
361 2066 468 2127 castris
489 2084 612 2145 exuero,
624 2076 686 2129 eta
705 2066 801 2148 portis
817 2066 929 2127 nostris
948 2062 1158 2142 moenibusque
1179 2062 1220 2122 ad

172 2146 182 2178 ‘
197 2148 318 2212 illorum
329 2151 418 2213 urbes
430 2153 510 2215 hunc
526 2154 597 2217 belli
607 2165 764 2231 terrorem,
774 2172 835 2234 quo
847 2172 985 2215 nuncvos
995 2148 1127 2213 adtoniti
1136 2148 1220 2226 estis,

173 2233 184 2266 ‘
200 2236 403 2300 transtulero.’

217 2318 332 2385 LXIX.
355 2324 437 2387 Raro
457 2327 532 2389 alias
547 2328 660 2389 tribuni
672 2327 827 2410 popularis
838 2325 937 2389 oratio
955 2324 1112 2407 acceptior
1126 2312 1220 2405 plebi,

176 2424 268 2486 quam
285 2421 358 2473 tunc
374 2414 555 2475 severissimi
578 2416 722 2491 consulis,
738 2414 806 2476 fuit.
828 2413 976 2475 durentus
999 2430 1131 2493 quoque,
1153 2429 1220 2490 quas

172 2494 253 2557 inter
270 2496 346 2558 tales
370 2510 470 2561 metus
498 2501 751 2565 detrectationem
772 2498 888 2561 militie
915 2498 1011 2559 telum
1037 2496 1219 2557 acerrimum

172 2580 315 2646 adversus
331 2580 436 2649 Patres
452 2585 565 2649 habere
581 2588 672 2650 solita
688 2598 764 2664 erat,
780 2606 867 2646 arma
880 2594 914 2645 et
937 2583 1051 2645 bellum
1066 2591 1080 2620 ⁰
1095 2592 1219 2664 specta·-

172 2669 248 2731 bett
274 2683 305 2732 et
332 2673 496 2753 agrestium
522 2673 594 2755 liuga
624 2672 806 2756 spoliatique
838 2673 869 2732 in
896 2670 976 2752 agris
1007 2680 1038 2731 et
1058 2668 1219 2746 vulnerati,
1256 2690 1262 2694 ·

170 2754 300 2818 foediora
326 2757 374 2836 iis,
401 2779 466 2839 quoe
491 2758 729 2842 subjiciebantur
760 2758 867 2834 oculis,
896 2755 1089 2834 nunciantes,
1119 2766 1219 2817 totam

169 2842 275 2904 urbem
291 2843 336 2904 ira
349 2845 512 2928 inplevere.
557 2844 593 2909 ln
608 2857 747 2908 senatum
762 2845 814 2908 ubi
829 2856 953 2907 ventum
969 2856 1026 2921 est,
1041 2843 1084 2904 ibi
1099 2863 1171 2904 vero
1187 2842 1219 2904 in
1232 2863 1354 2926 congeras

171 2927 350 3000 Quinctium
371 2953 477 2994 omnes
500 2933 589 3012 versi,
615 2945 651 2996 ut
675 2954 768 2996 unum
793 2931 945 2993 vindicem
966 2929 1134 3011 majestatis
1154 2927 1219 2990 llo·
1232 2930 1297 3008 in‘t.
1321 2997 1328 3009 ,

170 3035 269 3077 manse
284 3016 412 3095 intueri3
428 3031 460 3080 et
475 3020 622 3102 primores
639 3018 762 3082 Patrum
777 3019 788 3051 ‘
804 3016 943 3100 dignam'
960 3017 1061 3078 dicere
1076 3017 1086 3049 ‘
1095 3015 1219 3077 concio·
1232 2994 1368 3109 ffiffim

172 3100 269 3162 ‘nem
284 3103 412 3185 imperio
427 3105 592 3182 consulari,
617 3106 742 3187 dignam
763 3115 812 3166 tot
832 3104 1039 3166 consulatibus
1058 3101 1220 3178 anteactis,

173 3185 324 3268 ‘dignam
348 3190 412 3251 vita
434 3191 529 3266 omni,
553 3191 644 3272 plena
665 3191 816 3252 honorum
830 3209 909 3271 saepe
923 3201 1091 3269 gestorum,
1113 3186 1220 3268 saepius

173 3273 385 3336 ‘meritorum
437 3275 524 3336 Alios
540 3276 678 3337 consules
697 3287 749 3339 aut
773 3297 828 3357 per
843 3274 1046 3357 proditionem
1061 3273 1220 3353 dignitatis

173 3359 323 3422 ‘Petrum
353 3360 434 3444 plebi
465 3361 616 3440 adulatos,
647 3373 700 3423 aut
729 3362 839 3446 acerbe
869 3360 984 3423 tuendo
1010 3359 1080 3441 jura
1105 3358 1220 3421 ordinis

173 3445 382 3530 ‘asperiorem
399 3447 552 3510 domando
568 3448 794 3512 multitudinem
809 3447 935 3510 lecisset
979 3445 1017 3509 Τ.
1042 3445 1220 3518 Quinctium
1304 3457 1309 3464 '

172 3532 183 3565 ‘
197 3533 367 3598 orationem
382 3555 547 3598 memorem
560 3533 729 3618 majestatis
745 3533 880 3614 Petrum,
895 3533 1122 3617 concordiaque
1137 3534 1220 3595 ordi-

172 3619 281 3701 ‘num,
297 3633 330 3684 et
340 3635 511 3706 temporum
521 3624 553 3684 in
565 3623 670 3705 primis
686 3622 839 3685 habuisse.
860 3622 956 3685 Orare
971 3642 1041 3684 eum
1052 3622 1219 3702 collegam-

171 3705 266 3790 ‘que,
288 3722 324 3771 ut
347 3722 540 3793 capesserent
561 3709 798 3792 rempublicam:
822 3731 908 3771 orare
930 3710 1077 3786 tribunos,
1098 3719 1134 3770 ut
1159 3727 1222 3767 uno

172 3795 182 3828 ‘
198 3797 301 3858 animo
314 3816 383 3858 cum
396 3797 567 3859 consulibus
577 3795 689 3858 bellum
701 3798 739 3858 ab
750 3797 825 3858 urbe
841 3817 877 3858 ac
889 3797 1039 3858 moenibus
1051 3789 1220 3878 propulsari

170 3879 319 3961 ‘vellent‚
334 3884 513 3968 plebemque
528 3884 721 3947 obedientem
748 3885 778 3946 in
805 3905 838 3945 re
862 3896 926 3946 tam
946 3878 1066 3965 trepida
1081 3878 1220 3942 Patribus

170 3966 180 4002 ‘
219 3972 386 4034 naberent:
410 3974 435 4010 ⁸⁸
445 3972 598 4055 adpellare
613 3971 749 4033 tribunos
764 3991 958 4034 communem
973 3969 1117 4052 panim,
1132 3965 1221 4027 auxi*

171 3991 331 4140 ‘liumque
347 4079 451 4121 eorum
466 4057 628 4142 inplorare,
643 4059 770 4122 vastatis
794 4059 885 4141 agris,
899 4057 974 4118 urbe
990 4073 1084 4139 prope
1100 4054 1219 4136 obpug-

171 4139 289 4228 ‘nata'
334 4143 490 4209 Consensu
511 4146 647 4208 omnium
672 4145 807 4224 delectus
827 4143 999 4207 decernitur
1021 4142 1217 4221 habeturque.
1230 4153 1342 4204 melenus

173 4227 273 4299 Quum
283 4234 421 4296 consules
432 4235 462 4296 in
478 4233 626 4296 concione
636 4233 900 4316 pronunciassent,
914 4229 1070 4313 ‘Tempus
1078 4247 1140 4291 non
1151 4245 1218 4289 asse
1230 4220 1336 4269 marra.

269 4371 352 4416 ”maer
362 4382 449 4418 semma
464 4364 610 4416 Mavors.
714 4407 715 4412 ,
740 4384 752 4407 ·
763 4365 844 4415 bellem
853 4373 875 4414 st
885 4381 949 4414 m
960 4363 1034 4414 Gran.
1045 4364 1113 4413 Cret.

206 4472 229 4512 ⁸⁸
245 4470 371 4548 Appenino]
405 4481 529 4540 rnatum
553 4478 681 4538 conuiuis
712 4473 785 4550 paula
793 4479 891 4550 appella
900 4472 1014 4534 tabanos.
