3175 5200
524 399 856 464 mmmm
1157 413 1218 502 to

178 573 286 623 eventu
307 560 442 644 collegae,
465 567 568 644 quum,
590 575 626 626 ut
646 559 697 646 jus
711 563 915 644 sosque‘erat,
938 559 1070 624 lacrimis
1083 583 1146 626 non
1160 564 1219 626 riri-
1232 575 1303 630 tue.
1315 571 1371 630 ⁴152

177 667 233 710 nus
263 669 353 730 quam
383 648 519 711 laudibus
546 649 655 713 debitis
688 661 863 732 prosecutus
899 659 963 710 tam
992 651 1219 713 memorabilem
1232 645 1368 695 ‘beffi-

177 743 306 797 mortem
330 747 431 813 esset3
457 735 619 819 paullisper
644 735 841 815 addubitavit,
866 755 905 797 an
930 737 1130 818 consurgendi
1152 737 1219 820 jam

176 820 288 882 triariis
304 835 424 903 ternpus
446 834 545 885 esset:
572 821 694 899 deinde,
720 823 828 884 melius
852 835 935 884 ratus
957 822 1089 902 integros
1112 843 1164 885 eos
1179 825 1219 886 ad
1326 851 1330 856 ’

114 947 116 952 -
176 906 315 970 ultimum
340 907 502 972 discrimen
524 909 644 986 servari,
656 915 659 924 '
671 909 819 972 adcensos
840 909 880 970 ab
893 909 1058 970 novissime
1071 909 1137 971 acie
1148 923 1219 972 ante

176 993 264 1074 signa
287 995 451 1077 procedere
470 995 568 1077 jubet.
612 994 672 1064 Qui
697 995 748 1057 ubi
772 995 900 1073 subiere,
925 996 1081 1077 externplo
1105 992 1219 1074 Ir'atini,

176 1089 333 1160 tamquam
359 1081 442 1144 idern
464 1081 627 1144 adversarii
649 1081 804 1160 iecissent,
830 1081 949 1144 triarios
971 1100 1040 1144 suos
1066 1082 1219 1144 excitave-

177 1177 268 1228 runt:
294 1167 346 1248 qui
361 1165 545 1250 aliquamdiu
566 1187 669 1251 pugna
683 1168 780 1230 atroci
803 1188 895 1249 qmrm
910 1179 944 1230 et
963 1179 1062 1230 semet
1076 1169 1133 1251 ipsi
1147 1169 1219 1231 fati-

175 1264 308 1332 gassent,
335 1264 367 1316 et
392 1253 494 1316 hastas
520 1266 573 1317 eut
594 1253 824 1337 prefregissent,
848 1264 901 1317 aut
922 1255 1127 1332 hebetassent,
1152 1256 1219 1338 pel·

176 1338 272 1403 lerent
286 1340 314 1401 vi
330 1351 434 1402 tamen
450 1341 581 1419 hostem,
604 1341 789 1403 debellatum
808 1338 874 1423 jarn
890 1341 960 1420 rati,
982 1353 1220 1424 perventumque

176 1425 215 1486 sd
230 1438 398 1490 extremam
414 1427 531 1506 aoiem3
556 1439 621 1490 tum
636 1426 740 1490 oonsirl
755 1427 877 1503 triariis,
900 1426 1104 1509 ‘consurgite
1116 1427 1219 1507 nunc‚’

176 1510 285 1593 inquit,
301 1513 433 1596 ‘integri
449 1514 590 1577 adversus
601 1514 706 1593 fessos,
719 1533 868 1576 memores
879 1514 984 1596 patria
999 1526 1219 1596 parentumque

175 1597 233 1660 ‘et
244 1597 460 1680 conjugum-ac
476 1601 657 1676 liberorum
673 1619 825 1662 memores
835 1599 967 1661 consulis
978 1620 1034 1681 pro
1045 1601 1217 1661 vestravic-

174 1683 185 1716 ‘
200 1685 282 1746 toria
289 1698 387 1748 morte
397 1685 626 1748 occumbentis?
652 1683 714 1748 Ubi
727 1685 822 1747 triarii
836 1698 1087 1748 consurrexerunt
1095 1687 1218 1768 integri,
1229 1695 1332 1748 timum

174 1769 391 1853 refulgentibus
407 1773 508 1851 armis,
530 1793 610 1834 nova
624 1793 663 1834 ex
678 1772 829 1854 inproviso
852 1782 959 1833 exorte
974 1773 1064 1850 acies,
1088 1774 1218 1856 receptis
1230 1762 1336 1812 Rom

174 1855 206 1918 in
221 1857 378 1920 intervella
391 1859 532 1921 ordinum
548 1858 740 1940 antepilanis,
752 1857 886 1920 elamore
897 1857 1017 1919 sublato
1032 1862 1059 1904 ⁷³
1067 1859 1219 1942 principia

173 1939 350 2008 latinorum
365 1945 553 2028 perturbant.
567 1944 723 2025 hastisque
746 1965 801 2006 ora
815 1944 975 2022 fodientes,
996 1944 1096 2026 primo
1111 1946 1218 2007 robore

174 2030 306 2093 virorum
320 2041 323 2046 '
337 2051 425 2109 eroso,
456 2051 509 2114 per
540 2031 616 2092 alios
646 2030 828 2112 manipulos,
851 2028 933 2091 velut
958 2029 1099 2108 inermes,
1123 2050 1218 2112 prope

166 2115 283 2180 intacti
313 2137 453 2196 evasere3
484 2129 629 2197 tantaque
659 2115 741 2178 eade
771 2135 934 2198 perrupere
958 2135 1082 2195 euneos,
1108 2117 1219 2178 utrix

175 2213 313 2284 quartam
337 2215 455 2284 partem
479 2203 683 2284 relinquerent
707 2202 850 2264 hostium.
906 2199 1061 2264 Samnites
1086 2222 1218 2284 quoque,

175 2289 230 2353 sub
256 2288 407 2350 radicibus
436 2291 548 2351 montis
578 2287 684 2371 procul
713 2289 864 2366 instructi,
893 2289 1047 2370 praebuere
1073 2300 1218 2351 terrorem

173 2371 301 2438 Latinis.
322 2404 326 2410 ⁴
345 2374 488 2438 Ceterum
514 2371 592 2438 inter
615 2395 721 2436 omnes
744 2375 825 2436 cives
847 2377 873 2420 ⁷⁴
883 2375 1042 2456 sociosque
1066 2377 1219 2458 praecipua

175 2460 239 2522 laus
255 2460 320 2543 ejus
341 2461 412 2524 belli
427 2482 520 2545 penes
536 2461 675 2524 consules
690 2461 765 2522 fuit:
791 2481 919 2542 quomm
939 2462 1015 2522 alter
1037 2482 1143 2524 omnes
1158 2463 1217 2524 mi-

175 2567 229 2610 nas
244 2547 437 2631 periculaque
463 2549 502 2611 ab
515 2547 584 2611 Diis
609 2549 722 2631 superis
748 2547 911 2629 inferisque
935 2547 967 2609 in
989 2555 1135 2611 ee'ununr
1149 2569 1218 2611 ver·

172 2636 230 2697 tit:
256 2636 333 2699 ulter
355 2656 392 2697 ea
405 2636 516 2699 rinute
539 2656 636 2717 eoque
662 2635 789 2698 consilio
811 2634 842 2695 in
864 2634 972 2717 proelio
987 2635 1055 2710 fuit,
1077 2648 1113 2697 ut
1128 2635 1217 2697 facile

173 2723 348 2785 convenerit
373 2722 453 2785 inter
466 2722 622 2785 Romanos
637 2720 834 2803 Latinosque,
859 2722 911 2803 qui
935 2720 1000 2801 ejus
1020 2740 1130 2805 pugne
1151 2743 1216 2785 me·

172 2809 301 2871 moriam
330 2810 459 2893 posteris
484 2809 684 2887 tradiderunt,
707 2809 804 2871 utrius
827 2809 922 2890 partis
945 2805 984 2870 Τ.
996 2806 1132 2872 Manlius
1155 2809 1218 2871 dux

172 2894 289 2973 fuisset,
313 2895 377 2977 ejus
403 2894 533 2959 suturam
558 2895 640 2957 haud
667 2895 758 2957 dubie
785 2894 876 2956 fuisse
900 2895 1070 2957 victoriam.
1115 2893 1216 2957 Latini

173 3000 211 3041 ex
225 2976 343 3062 fuga'se
359 2980 532 3045 Minturnas
547 2981 750 3043 contulerunt.
774 2992 875 3041 eastra
896 2982 1063 3045 secundum
1077 2982 1216 3063 proelium

172 3064 274 3147 capta,
305 3065 452 3147 multique
480 3068 624 3129 mortales
648 3066 689 3127 ibi
711 3066 769 3127 vivi
795 3065 940 3147 obpressi,
966 3067 1100 3129 maxime
1124 3065 1217 3128 Cam·

173 3152 256 3233 parri.
299 3151 387 3212 Decii
414 3172 523 3235 corpus
549 3173 589 3213 ne
612 3172 650 3213 eo
674 3151 723 3212 die
748 3151 942 3228 inveniretur,
964 3171 1027 3213 nox
1050 3163 1217 3233 quaerentes

173 3236 333 3319 obpressit.
361 3248 484 3319 postero
511 3238 560 3299 die
592 3236 749 3298 inventum
778 3236 859 3299 inter
887 3237 1054 3299 maximam
1083 3239 1217 3300 hostium

172 3335 318 3405 stragem,
334 3336 509 3406 coopertum
525 3323 614 3399 telis3
641 3322 789 3404 funusque
803 3324 830 3383 ei
845 3342 901 3404 par
916 3324 1019 3402 morti,
1046 3323 1217 3387 celebrante

173 3410 302 3490 collega,
317 3406 432 3471 sactum
445 3420 500 3471 est.
545 3407 624 3471 lllud
646 3407 857 3493 adjiciendum
875 3409 1004 3488 videtur,
1027 3409 1117 3472 licere
1139 3430 1214 3471 eon-

173 3496 229 3557 suli
246 3495 447 3576 dictatorique
473 3506 506 3557 et
529 3496 661 3577 praetori,
685 3516 776 3577 quum
803 3495 937 3577 legiones
961 3496 1093 3558 bostium
1121 3497 1214 3559 devo·
1226 3506 1339 3557 nesab·

172 3594 253 3660 reat,
278 3602 341 3645 non
355 3582 471 3664 'utique
496 3578 539 3661 se,
564 3582 617 3645 sed
639 3599 730 3663 quern
744 3580 819 3644 velit
840 3602 879 3643 ex
901 3585 927 3628 ⁷⁵
941 3583 1060 3665 legione
1074 3574 1359 3647 Romana¹¹⁰¹¹²¹‘⁸‘*

172 3668 290 3753 scripta
302 3669 410 3747 oivem,
426 3668 591 3733 devovere:
608 3669 633 3729 si
648 3669 679 3730 is‘
690 3669 794 3747 bomo,
808 3670 860 3750 qui
872 3669 998 3731 devotus
1009 3681 1066 3747 est,
1076 3672 1214 3749 moritur,

172 3756 267 3837 probe
282 3755 398 3817 sactum
412 3756 524 3817 videri:
548 3755 580 3816 ni
602 3755 740 3833 moritur,
763 3768 830 3819 tum
852 3756 972 3836 siguum
987 3769 1105 3839 septem
1121 3758 1215 3839 pedes

173 3842 279 3922 altum,
302 3855 357 3904 aut
382 3838 491 3923 mujus,
518 3842 549 3903 in
571 3853 684 3904 terrent
699 3841 814 3920 defodi,
840 3852 873 3903 et
887 3846 914 3888 ⁷⁶
925 3844 1077 3925 piaculum
1092 3843 1215 3903 hostia·

173 3930 258 3991 caedi.
302 3927 364 3991 Ubi
393 3928 467 3991 illud
496 3928 617 4009 signum
647 3927 798 3991 defossum
829 3928 897 4007 erit,
927 3949 965 3991 eo
1001 3929 1216 4010 magistratum

173 4012 347 4077 Rauranum
361 4014 524 4079 escendere
539 4014 585 4077 ios
600 4035 662 4076 non
677 4034 752 4079 esse.
798 4012 852 4077 Sin
873 4027 975 4077 autem
990 4036 1056 4078 sese
1070 4015 1216 4078 devovere

517 4138 627 4187 'batione
638 4136 706 4187 Crcv.
719 4138 791 4187 Doer.
803 4138 865 4202 Rup.

177 4192 236 4305 ‘'.⁷³
260 4184 376 4293 Principio
405 4226 548 4291 latiam]
579 4228 678 4275 Primum
709 4226 1056 4331 tergeremultuariipailites.
1112 4292 1118 4303 Ι

172 4307 322 4421 ᾞὲκία]
344 4358 467 4417 Samnites,
476 4357 505 4407 de
517 4357 600 4421 quibus
612 4359 680 4407 modo
710 4291 900 4421 Pluml'zppplps
909 4294 1001 4406 bibendi⁸
1009 4292 1216 4407 ffird'brb'b'b·

172 4422 260 4470 dierum
270 4433 316 4483 ert,
328 4422 440 4485 intellige.
709 4424 768 4475 rius.
802 4422 862 4471 Gerr·
879 4422 1078 4487 enumquam
1092 4423 1215 4485 moulan.

204 4485 226 4525 ²⁵
241 4483 447 4551 hptullonm
462 4484 554 4550 oripo]
574 4484 677 4537 Ferreus
709 4486 832 4539 Hactenus
842 4487 1038 4557 edelaturbottie.

171 4549 280 4617 sollicitor
299 4553 388 4614 uduo,
403 4562 430 4603 ut
450 4550 598 4603 exeluduntur
616 4552 678 4617 rubl·
789 4589 792 4597 .
1046 4592 1049 4597 .
