3175 5200
354 266 410 347 1'so
782 281 868 345 ‘rut
885 280 987 345 mvn
1050 274 1083 319 ··²

187 468 221 521 ῃ,
233 468 263 522 ρ,
275 468 332 523 tet.
353 436 569 525 propeiutacti
587 436 758 503 belloiines
772 436 908 504 Romani
920 442 1100 506 riderentur.
1144 436 1286 507 Minucio
1295 460 1395 529 neque

188 536 221 586 A.
233 534 329 586 cast.
353 529 474 591 fortuna
498 550 555 591 uec
577 529 621 589 vis
641 527 733 588 animi
750 528 858 591 eadem
881 530 913 591 in
928 530 1060 613 gerendo
1073 531 1199 613 negotio
1215 532 1283 595 fuit.
1309 553 1393 614 nam,

189 601 308 717 luqueius
353 635 445 698 quum
465 615 548 677 haud
563 614 668 699 procul
695 615 734 675 ab
748 614 837 677 hoste
850 629 951 679 castra
969 618 1126 699 posuisset,
1150 618 1236 681 nulla
1264 640 1394 703 magno·

189 683 685 793 2²,:?,?„pere012ueaceepta,
711 702 818 764 cotos
836 724 872 771 ,se
899 703 1026 786 pavidus
1050 706 1187 768 tenebat.
1231 706 1324 776 Quod
1338 708 1391 769 ubi

186 812 228 847 sus
237 796 331 863 &aas
354 788 539 853 senuerantl
555 789 669 866 hostes,
684 789 779 849 crevit
793 808 830 850 ex
845 799 927 852 metu
943 790 1051 870 alieno,
1065 801 1101 854 ut
1115 792 1161 871 lit,
1176 793 1326 855 audacias
1348 806 1392 873 et,

354 887 446 939 nocte
466 874 566 955 adorti
589 886 699 952 castra,
720 886 880 957 postquam
898 896 1004 958 parum
1016 878 1061 940 vis
1084 890 1191 961 aperta
1204 880 1390 963 profecerat,

354 962 542 1025 munitiones
557 972 680 1043 postero
697 960 746 1023 die
775 962 973 1025 circumdant.
1000 985 1065 1043 quae
1093 965 1276 1049 priusquam,
1299 968 1390 1027 undi-

355 1069 414 1131 que
427 1048 508 1110 vallo
533 1046 665 1129 objecto,
685 1046 863 1109 clauderent
882 1046 992 1124 exitus,
1015 1050 1146 1131 quinque
1161 1052 1286 1133 equites,
1309 1054 1389 1115 iuter

353 1136 500 1199 statioms
517 1133 650 1197 hostium
670 1131 783 1207 emissi,
798 1128 931 1191 Romam
950 1133 1111 1213 pertulere,
1134 1139 1285 1201 consulem
1299 1160 1386 1202 exer.

355 1223 510 1304 citumque
534 1218 678 1282 obsideri.
725 1216 810 1279 Nihil
847 1237 904 1278 nec
928 1228 994 1279 tam
1018 1218 1217 1302 inopinatum,
1241 1246 1297 1286 nec
1322 1238 1385 1289 tam

353 1306 559 1392 insperatum¹
578 1304 715 1367 accidere
724 1303 838 1387 potuit.
882 1301 989 1385 ltaque
999 1317 1104 1367 tantus
1115 1326 1219 1389 pavor,
1232 1322 1387 1374 tantatre·

352 1395 471 1480 pidatio
498 1394 564 1470 luit,
590 1402 717 1473 quanta,
739 1390 764 1451 si
785 1390 903 1467 urbem,
925 1412 989 1453 non
1004 1404 1116 1472 castra,
1143 1393 1245 1457 hostes
1271 1398 1390 1459 obside-

353 1493 431 1544 rent.
474 1477 627 1557 Nauu'umy
649 1476 806 1556 consulem
836 1489 1003 1541 arcessunt.
1026 1480 1142 1560 inquo
1170 1501 1262 1562 quum
1288 1504 1393 1565 parum

353 1564 483 1652 presidii
526 1563 690 1643 videretur,
714 1563 955 1646 dictatoremque
985 1565 1045 1628 dici
1068 1566 1215 1647 placeret,
1247 1571 1299 1651 qui
1330 1591 1394 1633 rem

352 1652 520 1738 perculsam
553 1651 737 1731 restitueret,
775 1647 813 1712 L.
836 1649 995 1721 Quinctius
1017 1650 1218 1717 Cincinnatus
1245 1676 1393 1719 consensu

354 1726 490 1805 omnium
515 1738 636 1817 dicitur.
673 1740 698 1777 ¹²
710 1738 818 1821 Opera
841 1739 971 1820 pretium
1001 1751 1049 1803 est
1079 1740 1193 1819 audire,
1216 1743 1266 1824 qui
1288 1744 1393 1805 omnia

355 1848 416 1911 pra
429 1826 542 1891 divitiis
558 1827 693 1889 humana
714 1836 869 1909 spemtmt,
884 1845 992 1907 neque,
1005 1827 1115 1891 honori
1134 1849 1247 1911 magno
1278 1830 1391 1910 locum,

354 1934 453 1997 neque
459 1913 563 1997 rirmti
578 1924 688 1997 putant
701 1933 777 1991 esse,
791 1912 849 1975 nisi
859 1912 910 1973 ubi
930 1912 1023 1975 effirse
1038 1914 1174 1977 adiluant
1188 1936 1272 1999 opes.
1315 1914 1392 2000 Spes

189 2015 219 2065 1.
228 2010 317 2069 Quinc·
355 2003 448 2065 unica
467 2000 584 2084 imperii
612 1999 717 2084 populi
744 1991 934 2063 Romani'L.
953 1999 1112 2071 Quinctius
1132 2014 1215 2065 trans
1243 2002 1391 2084 Tiberim,

189 2081 465 2153 ‘mm-contra
490 2108 560 2151 eum
590 2088 688 2171 ipsum
711 2087 824 2165 locum,
849 2085 900 2147 ubi
922 2107 1001 2149 nunc
1021 2089 1140 2150 navalia
1153 2102 1235 2169 sunt,
1261 2102 1391 2172 quatuor

352 2176 495 2261 jugerum
510 2174 631 2239 colebat
647 2194 763 2257 agnrm,
778 2194 844 2256 quae
866 2184 956 2256 prata
975 2173 1130 2246 Quinctia,
1146 2187 1303 2240 vocantur.
1347 2176 1393 2239 lbi

357 2265 396 2328 ab
422 2256 540 2349 legatis,
555 2282 608 2325 seu
631 2261 743 2325 fossam
755 2260 874 2323 fodiens
889 2262 915 2299 ¹³
924 2261 1001 2343 palte
1010 2262 1136 2341 innisus,
1155 2284 1210 2325 seu
1220 2284 1311 2346 quum
1327 2285 1394 2326 ara·

356 2362 423 2429 ret,
446 2350 530 2433 operi
554 2359 647 2426 certe,
669 2349 700 2410 id
723 2348 806 2431 quod
828 2358 959 2426 constat,
981 2349 1094 2431 agresti
1115 2350 1267 2428 intentus3
1299 2351 1396 2415 salute

356 2438 430 2499 data
443 2436 474 2497 in
500 2435 596 2496 vicem
619 2434 807 2516 redditaque,
822 2445 957 2516 rogatus,
975 2435 1046 2515 ‘ut,
1067 2436 1149 2518 quod
1174 2440 1251 2500 bene
1265 2451 1395 2502 verteret

213 2512 245 2589 ,’
313 2534 324 2545 ·
355 2522 438 2606 ‘ipsi
454 2522 556 2602 reique
571 2518 708 2606 publicae,
717 2532 840 2603 togatus
853 2521 999 2585 mandata
1008 2524 1281 2606 senatusaudiret','
1296 2527 1394 2589 admi·

260 2611 268 2626 '
356 2611 367 2646 ‘
381 2621 473 2686 ratus,
481 2608 687 2690 rogitansque,
697 2607 804 2668 ‘satin'
810 2608 997 2672 salvaessent
1005 2612 1111 2673 omnia
1120 2611 1144 2674 l'
1156 2625 1260 2696 togam
1269 2636 1393 2698 propere

356 2696 504 2778 etugurio
518 2693 652 2778 proferre
667 2713 792 2756 uxorem
810 2691 958 2758 Raciliam
964 2695 1065 2778 jubet.
1087 2699 1158 2771 Qua
1167 2701 1267 2780 simul,
1277 2703 1391 2764 abster-

356 2805 390 2846 so
404 2783 525 2866 pulvere
552 2801 587 2843 ac
614 2780 733 2859 sudore,
748 2781 864 2844 velatus
879 2783 1037 2866 processit,
1062 2786 1243 2850 dictatorem
1264 2809 1330 2850 eum
1349 2789 1392 2851 le·

356 2871 420 2954 gati
441 2868 628 2953 gratulantes
659 2869 874 2932 consalutant:
898 2870 929 2932 in
951 2872 1057 2934 urbem
1071 2886 1203 2938 vocant:
1227 2877 1277 2958 qui
1299 2888 1394 2939 terror

357 2959 398 3022 sit
422 2958 454 3021 in
479 2956 623 3036 exercitu,
653 2971 821 3040 exponunt.
857 2956 950 3020 Naris
975 2956 1120 3028 Quinctio
1149 2963 1269 3045 publice
1290 2975 1394 3046 parata

358 3045 426 3128 luit,
449 3057 713 3128 tranvectumque
728 3055 789 3109 tres
805 3046 923 3108 obuiam
939 3047 1050 3128 egressi
1067 3046 1121 3111 filii
1130 3049 1305 3132 excipiunt3
1326 3051 1396 3112 inde

357 3135 410 3198 alii
431 3133 592 3220 propinqui
618 3146 708 3217 atque
734 3135 846 3213 amici3
874 3146 940 3199 tum
964 3132 1087 3199 Patrum
1106 3135 1205 3218 major
1228 3159 1309 3221 pars.
1351 3137 1396 3200 Ea

357 3221 528 3306 frequentia
549 3223 689 3307 stipatus,
711 3224 960 3287 antecedentibus
982 3222 1148 3303 lictoribus,
1180 3225 1328 3290 deductus
1352 3238 1399 3289 est

358 3308 506 3374 domum:
528 3322 560 3372 et
579 3311 674 3393 plebis
689 3331 853 3374 concursus
873 3311 978 3392 ingens
996 3309 1065 3372 fuit.
1086 3311 1140 3369 sed
1155 3332 1193 3370 ea
1208 3333 1398 3396 nequaquam

356 3407 422 3458 tam
449 3397 518 3458 beta
541 3395 719 3463 Quinctium
747 3397 842 3472 vidit3
865 3407 896 3455 et
925 3394 1041 3472 imperii
1068 3392 1203 3464 nimium,
1237 3409 1270 3456 et
1301 3402 1398 3465 virum

359 3483 384 3518 ¹⁴
401 3480 431 3541 in
456 3480 521 3559 ipso
535 3477 924 3557 imperiovchementiorem
940 3485 1016 3535 rata.
1050 3469 1091 3527 Et
1101 3469 1152 3524 illa
1167 3473 1290 3546 quidem
1302 3498 1397 3544 noete

357 3562 432 3626 nilril
444 3570 551 3643 prater
572 3581 642 3620 uam
653 3561 811 3642 vigilatum
824 3560 916 3643 estin
931 3555 1013 3624 urbe.

399 3643 532 3710 XXVII.
552 3579 683 3705 bostem
698 3644 747 3706 die
763 3645 904 3716 dictator,
922 3656 1014 3719 quum
1039 3649 1110 3702 ante
1133 3640 1232 3705 lucem
1246 3643 1278 3706 in
1293 3646 1392 3712 torum

355 3733 495 3812 venisset,
521 3728 697 3808 magistrum
720 3727 855 3806 equitum
888 3724 963 3786 dicit
993 3721 1030 3788 L.
1051 3725 1242 3812 Tarquitium
1261 3735 1394 3816 patriciae

387 3864 401 3899 n
415 3869 524 3914 „mus
535 3857 608 3906 Groo.
619 3855 688 3904 crte.
776 3889 784 3906 .
796 3849 877 3902 ¹th
887 3863 933 3904 mm
942 3873 982 3906 uec
991 3859 1049 3924 iacp.
1060 3877 1099 3911 nec
1108 3862 1164 3925 imp.
1179 3863 1234 3914 MS.
1250 3864 1321 3916 l'eith
1333 3877 1378 3917 tara

354 3931 466 3996 poterim
475 3926 521 3977 del.
533 3922 607 3972 Grou.
620 3919 688 3968 eree.
1239 3925 1250 3937 ‘

388 4039 410 4076 rs
425 4027 651 4101 ομημωα]
675 4025 753 4109 Pili*
764 4044 858 4112 mneos,
886 4039 911 4088 id
933 4049 980 4104 est,
999 4042 1096 4093 niodum
1117 4044 1241 4112 imperioso
1258 4050 1396 4112 magistratu,

354 4097 857 4227 lbffissllffiilmilzlllli't
888 4105 1000 4188 lm*
1014 4116 1279 4228 “W⁰³l
1292 4120 1395 4167 ‘⁹⁵⁷⁸'

625 4195 632 4209 .
1239 4197 1247 4228 r
1281 4194 1315 4230 ert
1339 4199 1394 4232 eum

353 4229 737 4307 nwlueurerinimaconjcctun.
888 4187 1395 4310 meffmmsimatmp'ertoem'm,

386 4294 406 4330 ¹⁴
423 4292 451 4343 ln
460 4291 612 4370 Num]
633 4291 688 4347 Nau
699 4298 759 4349 male
769 4298 861 4350 ridetur
891 4321 960 4369 qurum
970 4305 1040 4371 ipsios
1050 4310 1396 4380 dicamingeuiomsrrpn

351 4357 459 4426 Dujttlra
469 4359 569 4410 rendere
579 4362 714 4426 particulam
724 4367 758 4416 iu.
781 4365 861 4418 Plebs·
892 4384 922 4421 rr.
933 4373 974 4420 30.
988 4372 1125 4424 &mutuum
1141 4376 1217 4425 livius
1230 4378 1349 4432 renuitis·
1357 4398 1399 4444 pe·

351 4417 861 4499 mountmmesnnmm,
892 4438 1224 4506 mmmmm
