3175 5200
498 329 574 405 urb.
595 344 646 407 rv.
667 340 748 405 cnr.
768 342 865 406 xvu.
1119 360 1124 367 ·
1159 354 1220 421 m

177 508 226 573 cio
241 507 365 571 homine
385 504 617 585 introductum
639 524 696 567 nec
710 502 822 569 deinde
844 505 877 567 id
898 507 1018 588 plebem
1038 527 1215 574 muranum
1230 516 1263 567 U·
1274 518 1371 571 uam.

176 594 270 657 semel
287 593 462 671 obtinuisse,
478 604 532 657 eut
544 604 627 657 certe
644 602 788 655 tenmsse.
798 592 855 654 sed
865 604 937 655 ame
953 594 1058 659 omniu
1070 597 1216 664 “refellit
1229 580 1260 635 Α
1270 584 1300 638 ⁰·
1310 586 1367 639 ⁴³⁶·

176 680 284 748 falsum
309 679 448 761 imaginis
469 678 591 743 titulum
615 678 719 765 paucis
740 690 814 741 aute
837 678 924 743 anuis
940 679 975 719 '⁸⁸
993 681 1060 763 lege
1080 693 1214 763 murm,

177 788 216 831 ne
236 765 364 831 tribunis
383 764 534 847 collegam
549 778 694 847 cooptare
717 765 842 828 liceret..
876 763 916 836 Q.
930 763 1080 847 Catilius,
1101 768 1215 840 Q.·Ju-

176 854 254 933 nius,
278 850 363 916 Sext.
380 850 512 913 Titinius
521 861 546 931 ⁰,
569 852 625 915 soli
644 872 684 913 ex
698 849 830 933 collegio
851 851 1041 920 tribunorum
1054 874 1152 935 noque
1166 867 1216 924 tu-

176 940 275 1006 lerant
302 938 340 1000 de
370 938 534 1001 honoribus
564 936 693 1003 Minucii
729 938 848 1019 legem3
881 949 915 1001 et
952 938 1107 1003 criminari
1136 961 1217 1008 nunc

176 1024 359 1101 Minucium,
377 1044 457 1087 nunc
477 1020 637 1109 Servilium
657 1024 738 1107 apud
753 1024 887 1106 plebem,
901 1026 1046 1108 querique
1060 1026 1217 1109 ndignem

176 1132 283 1179 necem
306 1106 400 1173 Maelii
423 1130 485 1171 non
510 1110 698 1173 destiterant.
743 1109 937 1175 Perviceruut
950 1112 1055 1193 igitur,
1075 1124 1111 1176 ut
1124 1114 1219 1177 tribu·

175 1218 286 1265 norum
295 1197 427 1261 militum
442 1195 556 1281 potius,
574 1216 665 1277 quum
680 1196 850 1275 consulum,
870 1197 996 1262 comitis
1015 1198 1220 1278 hebetenturr

176 1284 261 1349 haud
281 1283 377 1361 dubii,
401 1282 473 1364 quin
488 1302 544 1345 aex
557 1282 630 1343 loeis
656 1280 717 1360 (tot
739 1284 823 1345 enim
840 1280 907 1364 jem
929 1284 1025 1347 creari
1040 1283 1165 1364 licebat)
1190 1298 1223 1349 at

177 1371 290 1454 plebeii
299 1369 403 1452 aliqui,
419 1367 590 1452 profitendo
601 1388 635 1431 se
648 1367 763 1433 ultores
774 1368 841 1431 fore
851 1365 1003 1432 Melinum
1021 1368 1123 1449 cedia,
1138 1392 1223 1437 eres·

179 1468 293 1521 reanr.
336 1454 435 1535 Plebs,
455 1474 641 1536 quamquam
660 1454 778 1536 agitate
795 1454 899 1518 multis
923 1476 962 1517 eo
985 1474 1067 1519 suno
1087 1469 1122 1521 et
1133 1459 1223 1524 uariis

179 1542 313 1611 motibus
344 1553 420 1619 eret,
451 1562 508 1605 nee
537 1539 650 1625 plures,
686 1560 778 1623 quam
806 1551 879 1617 tres,
905 1540 1042 1603 tribunos
1069 1544 1222 1611 consuet

179 1640 334 1714 potestate
355 1628 479 1706 creavit,
503 1638 535 1691 et
559 1627 590 1691 iu
615 1626 652 1689 iis
666 1624 701 1689 L.
719 1626 897 1699 Quinctium
919 1622 1094 1693 Cincinnati
1106 1629 1221 1695 lilium:

179 1736 221 1777 ex
231 1714 317 1796 cujus
328 1714 487 1777 dictaturos
508 1712 621 1777 invidia
635 1712 780 1775 mmultru
801 1712 1000 1795 qmrebsrus.
1042 1717 1068 1757 “
1080 1714 1222 1781 Praelstue

178 1801 329 1882 suffragiis
353 1801 499 1871 Quinctio
529 1797 628 1863 Mem.
654 1796 810 1877 AEmiliuq
835 1800 880 1861 vir
901 1818 1026 1864 summus
1051 1801 1221 1884 diguitatis.

178 1882 215 1949 L.
228 1886 343 1949 Julium
358 1888 481 1950 tertium
494 1896 611 1951 creent.

222 1971 324 2037 XVll.
359 1972 394 2037 ln
423 1974 532 2039 horum
557 1973 737 2054 magistratu
762 1970 894 2051 Fidenae,
923 1972 1044 2037 colonia
1072 1973 1222 2055 llomsna,
1236 1987 1269 2036 υ.
1279 1987 1376 2039 0317.

181 2060 221 2123 ad
233 2058 355 2123 Lartem
369 2058 565 2123 Tolumnium
580 2056 753 2121 Veientitun
781 2076 884 2140 regem
909 2079 948 2121 ao
968 2055 1112 2126 Veientes
1137 2061 1222 2125 dete·
1235 2054 1269 2102 A.
1279 2052 1308 2101 ⁰·
1319 2055 1376 2103 ⁴³⁵·

181 2166 261 2209 cere.
305 2144 432 2228 majusr
462 2144 601 2209 additum
626 2142 790 2209 defectioni
819 2144 927 2207 scelus.
981 2142 1017 2207 C.
1044 2144 1223 2229 Fulcinium,
1236 2118 1339 2239 ffb,
1346 2186 1390 2233 ἃς,

181 2231 323 2296 Cloelium
336 2230 458 2297 Tullum
467 2241 494 2309 Ρ,
517 2228 572 2313 Sp.
582 2230 719 2308 Antium,
742 2228 778 2292 L.
799 2228 955 2307 Roscium,
977 2230 1094 2312 legatos
1109 2231 1224 2297 Rome-
1236 2248 1318 2297 mut.
1326 2248 1381 2297 mu.

182 2338 249 2395 uos,
265 2339 402 2379 eaumsm
422 2318 492 2379 novi
516 2316 634 2379 consilii
654 2325 831 2398 quaerentes,
845 2315 933 2396 jussu
953 2312 1110 2381 Tolumnii
1129 2320 1224 2381 inter·
1237 2311 1320 2374 ΙΨ

183 2404 331 2467 lecerunt.
372 2402 490 2467 Levant
509 2402 632 2485 quidam
657 2402 736 2483 regis
759 2400 886 2464 fucinus.
909 2402 942 2463 iu
956 2413 1137 2467 tesserarum
1172 2426 1223 2470 ro·
1237 2375 1376 2492 fflff'

182 2511 272 2573 spero
282 2488 372 2571 jectu
385 2510 492 2553 vocem
508 2488 571 2571 ejus
594 2489 779 2571 ambiguam,
803 2499 840 2550 ut
858 2487 960 2552 occidi
965 2487 1091 2570 jussisse
1105 2492 1134 2555 vi
1156 2512 1224 2553 ere·
1237 2509 1298 2559 aui.

183 2588 245 2656 tur,
259 2577 298 2639 ab
315 2574 509 2640 Fidenatibus
524 2585 694 2658 exceptum,
716 2592 854 2638 eeumam
869 2574 976 2637 mortis
998 2574 1108 2658 legatie
1123 2576 1226 2642 luisse.

183 2659 264 2728 Rem
279 2663 486 2726 incredibilem
498 2685 509 2740 ;
533 2661 702 2724 interventu
726 2659 929 2738 Fidenatium,
953 2681 1100 2726 novorum
1126 2665 1226 2726 socio·

184 2769 262 2827 rum,
281 2747 505 2812 consulentium
525 2748 564 2810 de
591 2748 673 2810 eaede
688 2757 813 2832 nuptura
826 2745 878 2828 jus
892 2747 1042 2828 gentium,
1064 2769 1127 2812 uon
1142 2771 1227 2813 aver·

184 2855 252 2900 sum
275 2835 314 2896 sb
340 2833 509 2898 intentione
533 2835 614 2898 lusus
640 2833 794 2896 animum:
817 2853 875 2896 uec
890 2833 1001 2896 deinde
1016 2835 1049 2896 in
1070 2836 1228 2900 horrorem

184 2942 303 2986 versum
318 2921 444 2984 facinus.
460 2920 584 3004 propius
605 2932 652 2982 est
673 2920 777 3004 fidem,
792 2920 942 3002 obstringi
963 2917 1156 2986 Fidenatium
1172 2945 1230 3006 po·
1354 2917 1358 2925 ’

185 3010 303 3092 pulum,
326 3027 366 3070 ne
384 3009 533 3090 respicere
545 3027 631 3089 spem
645 3006 739 3069 ullam
754 3006 794 3068 ab
809 3004 958 3068 Romam
972 3020 1087 3088 posset,
1111 3008 1230 3075 consci-

188 3093 271 3154 entie
296 3095 374 3155 tenti
397 3094 518 3154 sceleris
539 3092 678 3153 voluisse.
722 3089 918 3172 legatorum,
945 3093 996 3172 qui
1020 3091 1142 3155 Fidenis
1161 3094 1230 3156 eresi

189 3189 288 3255 erant,
312 3189 417 3239 stamae
432 3178 553 3260 publice
575 3177 607 3238 in
631 3175 749 3237 Rostris
773 3177 878 3258 positas
899 3188 979 3237 sunt.
1023 3176 1102 3238 Cum
1117 3175 1231 3240 Veien-

188 3265 268 3326 tibus
305 3261 570 3343 Frdenatibusque,
607 3271 807 3342 preterquam
849 3259 986 3321 finitimis
1026 3262 1159 3343 populis,
1192 3264 1232 3324 nb

190 3365 297 3414 caussa
326 3345 420 3410 etiarn
449 3357 512 3410 tom
535 3343 667 3410 celanda
688 3343 803 3408 bellum
825 3343 950 3424 exorsis,
973 3356 1061 3410 etrox
1077 3345 1233 3414 dimicatio

190 3431 337 3500 instabat.
379 3429 486 3516 ltaque
514 3431 590 3496 ⁸⁷sd
616 3453 720 3510 euram
744 3447 870 3495 summe
892 3451 1003 3512 rerum,
1024 3431 1130 3514 quieta
1142 3433 1233 3516 plebs

191 3521 381 3668 tribunisqqe
403 3515 479 3602 ejus,
498 3520 574 3581 nihil
596 3518 807 3581 controversie
829 3517 896 3596 mit,
916 3519 990 3602 quin
1012 3521 1151 3583 consules
1165 3539 1232 3584 cre·

192 3617 315 3670 crentur
370 3653 378 3670 .
396 3603 550 3688 Geganius
573 3601 763 3668 Marcerinus
789 3603 912 3668 tertium
937 3618 968 3668 et
990 3601 1025 3670 L.
1042 3602 1164 3690 Sergius
1180 3577 1317 3670 lii-⁸¹¹·0·
1328 3603 1385 3652 ³¹⁸·

192 3693 306 3771 denas3
329 3715 349 3755 a
359 3691 439 3756 bello
453 3691 556 3771 eredo,
568 3689 651 3774 quod
666 3689 777 3759 deiude
791 3691 895 3774 gessit,
906 3691 1127 3775 adpetamus.
1170 3689 1233 3757 Hic
1245 3667 1396 3790 ξξέἰξ

190 3781 273 3842 enirn
290 3780 403 3861 primus
417 3780 460 3841 eis
474 3779 624 3842 Anienem
639 3799 709 3841 eum
725 3799 796 3860 rege
811 3775 987 3856 Veientium
1001 3779 1137 3840 secundo
1151 3795 1234 3860 prce·
1247 3797 1294 3846 111.
1305 3795 1393 3848 mser.

192 3867 234 3930 lio
258 3867 406 3950 conflixit,
431 3880 489 3928 nec
510 3863 698 3930 incruentam
720 3863 878 3926 victoriam
901 3863 1013 3938 retulit.
1057 3859 1161 3946 Major
1176 3861 1360 3928 its-roem

224 4011 522 4064 memorarem.
581 4003 1239 4076 amdammlmecffebrtneaqcloden

194 4077 286 4130 raum
302 4079 356 4128 ms.
367 4073 446 4128 vsa.
510 4079 652 4142 soporem
662 4079 736 4130 oron.
747 4075 817 4130 cm.
833 4071 978 4127 steven.

226 4213 503 4286 mundesariis·
556 4219 701 4271 ''tindun
764 4217 786 4254 ⁸⁵
855 4213 1242 4292 ]Trebmls‚dqqual-lll.a§d.
1304 4234 1308 4244 ¹

198 4279 306 4360 ..nn
323 4281 477 4363 meru.
507 4283 703 4360 mee-⁴·
733 4333 739 4340 .
765 4279 813 4320 ⁸⁶·
847 4277 1244 4358 manaremus«

195 4359 492 4482 nentur.
510 4348 706 4478 mm,
733 4345 1244 4474 erumnarum

196 4475 282 4531 urbs.
735 4474 1215 4551 buruhbeolrcummdrruunem
