3175 5200
247 439 282 492 lle
292 441 387 492 uus.

247 506 387 572 pout

406 297 478 362 pm
610 275 613 282 ’
759 285 1044 366 ‘'Tmuvll

406 445 428 490 ·‘
443 439 710 510 nntmet'htincM.
722 441 859 504 Foslium
868 441 1050 522 questiones
1064 431 1250 517 exerceatis3
1260 451 1297 503 ut
1305 441 1456 526 udpareat,

417 533 428 568 ‘
442 532 620 594 innocentis
631 539 738 590 nostru
746 548 813 604 nos,
829 547 892 590 non
906 526 1066 606 majestate
1078 526 1214 603 lionoris,
1230 538 1316 590 tutos
1327 549 1349 590 s
1362 530 1457 592 erimi-

416 619 427 652 ‘
441 617 619 680 nationibus
634 615 700 675 istis
715 611 800 674 esse.’
821 612 1037 674 Abdicatinde
1047 631 1080 672 se
1089 611 1253 688 dictatura,
1268 624 1303 676 et
1312 625 1457 696 postem

402 702 579 766 confestim
594 696 713 762 Foslius
741 697 919 779 magisterio
942 698 1096 778 equitum:
1122 697 1274 776 primique
1288 697 1377 779 apud
1390 721 1456 762 con·

245 775 398 828 Remtsetur
415 788 496 848 eules
514 786 564 863 (iis
580 785 662 846 enim
677 785 717 846 ab
731 795 840 844 senatu
851 782 999 845 mandata
1018 803 1066 842 res
1080 781 1142 859 est)
1158 781 1202 842 rei
1217 782 1306 860 facti,
1321 785 1455 847 udum

245 845 386 896 absdvttur:

402 871 565 934 -uobilium
594 870 769 932 testimonis
795 869 917 949 egregie
942 868 1149 929 absolvuntur.
1194 865 1348 930 Publilius
1372 873 1454 932 mam

416 956 514 1033 Philo,
530 955 739 1038 multiplicetis
754 955 881 1015 summis
895 954 1072 1028 honoribus,
1086 961 1158 1033 post
1168 971 1214 1012 res
1226 964 1276 1016 tot
1288 955 1380 1018 domi
1395 958 1453 1018 bel·

287 1078 291 1092 ‚
404 1043 504 1123 -loque
519 1053 630 1122 gestas,
654 1053 789 1102 ceterum
805 1041 918 1101 invisus
933 1038 1101 1114 nobilitati,
1115 1057 1253 1100 tuomum
1266 1039 1453 1118 dititmheo-

402 1129 554 1209 lutusque
579 1138 636 1188 est.
665 1123 731 1187 Nec
750 1126 876 1200 diutius,
895 1135 931 1185 ut
953 1124 1002 1200 lit,
1023 1143 1115 1205 qusm
1141 1120 1216 1183 dum
1241 1144 1354 1188 recens
1383 1141 1451 1204 eret,

414 1212 1004 1379 ffil⁰ttt¹²tlsslltttll
1018 1208 1298 1375 ldldltltffi
1315 1213 1454 1360 {titt

647 1341 656 1372 t
1272 1341 1284 1374 5

404 1403 491 1466 ques
502 1394 683 1464 comparata
691 1395 769 1460 eret,
778 1383 925 1464 obpressa
937 1392 996 1443 est.
1084 1403 1092 1416 ·

462 1467 600 1530 XXVll.
621 1467 734 1530 Eurum
761 1469 846 1529 famu
874 1488 984 1545 rerum,
1010 1469 1025 1515 ⁷
1030 1471 1129 1550 magis
1149 1482 1253 1533 tamen
1276 1491 1352 1552 spes
1367 1470 1451 1532 Cam·

414 1574 503 1637 panae
522 1554 712 1632 delectionis,
742 1556 775 1615 in
800 1575 894 1634 quarn
923 1552 1115 1635 cmjursmm
1137 1571 1212 1635 erut,
1229 1554 1401 1633 Samnites,
1425 1558 1452 1616 in

414 1640 560 1722 Apuliam
580 1661 693 1717 versos,
723 1636 824 1702 rursus
845 1639 886 1701 sd
908 1638 1060 1700 Caudium
1086 1644 1256 1706 revocavit:
1279 1653 1316 1704 ut
1330 1642 1453 1706 indees

414 1727 597 1808 propinquo,
613 1726 638 1786 si
663 1725 714 1807 qui
734 1737 836 1788 motus
850 1727 1044 1786 occasionem
1059 1729 1225 1808 aperirem,
1238 1727 1378 1809 Capuam
1390 1727 1454 1788 Ru·

415 1813 515 1872 manis
539 1812 704 1892 eriperent.
747 1811 795 1872 Ilo
820 1811 960 1874 consules
984 1831 1057 1872 cum
1079 1813 1183 1876 valido
1204 1812 1336 1874 exercitu
1360 1825 1454 1874 seue·

415 1907 496 1958 runt.
511 1907 544 1958 et
558 1897 658 1979 primo
678 1896 762 1956 ciros
776 1895 884 1972 saltus,
905 1915 1001 1976 quum
1014 1897 1169 1976 utrimque
1195 1899 1236 1958 sd
1253 1897 1376 1968 hostem
1395 1896 1451 1956 ini·

405 1998 478 2062 qus
501 1982 551 2042 vis
570 1992 661 2059 esset,
688 1982 825 2044 cunctati
849 1991 939 2041 suntz
964 1981 1076 2042 deinde
1099 1979 1253 2044 Samnites
1272 2002 1327 2063 per
1351 1994 1452 2062 aperta

403 2065 484 2128 -locs
506 2067 591 2128 brevi
610 2067 740 2128 circuitu
751 2067 783 2127 in
802 2067 872 2127 locu
887 2066 989 2148 plane,
1005 2064 1180 2148 Campanos
1194 2087 1331 2148 campos,
1343 2077 1449 2148 agmen

414 2150 594 2228 demittunt,
629 2152 731 2232 ibique
753 2152 886 2234 primum
917 2153 1036 2212 ⁸csstra
1061 2153 1095 2213 in
1126 2165 1293 2236 conspectu
1317 2153 1452 2214 hostibus

414 2237 508 2298 duta:
533 2237 646 2299 deinde
673 2238 786 2300 levibus
802 2239 928 2318 proeliis,
953 2238 1090 2320 equitum
1112 2241 1230 2322 sepius,
1254 2259 1349 2320 quum
1371 2237 1451 2319 pedi·

413 2331 491 2400 tum,
514 2323 668 2404 utrimque
690 2324 857 2404 periculum
876 2324 1013 2384 fuctum:
1036 2345 1093 2386 uec
1120 2337 1176 2386 sut
1203 2338 1332 2387 eventus
1353 2343 1453 2386 eorum

416 2405 602 2484 Romanum,
624 2420 678 2470 aut
703 2430 806 2485 more,
828 2430 890 2488 qus
926 2410 1090 2490 trahebant
1124 2411 1251 2486 bellum,
1276 2409 1455 2492 poenitebat.

245 2492 359 2546 Proelium
382 2561 388 2576 ι
416 2489 601 2554 Samnitium
616 2505 726 2554 contra
740 2494 878 2570 ducibus,
893 2505 927 2562 et
939 2495 1023 2574 carpi
1037 2496 1136 2575 parvis
1156 2496 1299 2576 quotidie
1324 2495 1454 2570 domnis,

243 2561 615 2675 &mutassemus
639 2576 786 2637 diletione
802 2577 873 2673 pelli
891 2579 968 2674 vires
987 2599 1048 2639 suae
1076 2579 1267 2642 videbantur.
1289 2582 1400 2664 itaque
1427 2580 1454 2640 iu

308 2659 317 2680 ⁹
409 2675 504 2717 norem
529 2656 711 2735 procedunt,
740 2661 892 2738 equitibus
918 2681 950 2719 m
969 2681 1085 2722 cornua
1101 2663 1226 2724 divisis:
1251 2667 1366 2746 quibus
1383 2687 1457 2750 put-b

407 2751 529 2819 ceptum
545 2751 623 2817 erat,
638 2740 817 2801 intentiores
837 2743 877 2801 ad
892 2756 1064 2823 respectum
1079 2758 1258 2823 castrorum,
1281 2768 1321 2808 ne
1340 2772 1410 2830 qus
1425 2768 1456 2811 eo

401 2822 449 2883 uis
464 2822 561 2899 fieret,
583 2843 675 2903 quum
701 2824 742 2885 ad
756 2825 907 2905 proelium,
926 2838 1067 2890 sturenta
1086 2830 1205 2891 ⁹aciem
1228 2832 1329 2911 pediti
1353 2845 1456 2895 tutam

399 2906 480 2969 lore.
526 2904 711 2971 Consulum⁰
743 2908 895 2991 Sulpicius
924 2912 958 2972 in
982 2912 1106 2993 dextro,
1137 2912 1284 2976 Poetelius
1314 2917 1351 2977 in
1385 2918 1456 2979 levo

400 3012 500 3053 cornu
522 2994 706 3057 consistunt.
736 2994 857 3057 Dentre
869 3013 952 3077 pars,
966 3018 1028 3078 qua
1051 3011 1085 3060 et
1105 2996 1260 3061 Samnites
1280 3002 1357 3063 raris
1373 3005 1453 3065 ordi·

400 3076 504 3154 nibus,
530 3091 586 3140 sut
606 3079 647 3140 ed
677 3080 912 3143 circumeundos
926 3083 1042 3162 hostes,
1054 3096 1108 3146 aut
1126 3106 1166 3146 ne
1177 3086 1236 3169 ipsi
1253 3087 1451 3149 circumiren-

399 3170 462 3238 tur,
488 3165 703 3244 constiterunt,
725 3167 817 3228 latius
839 3166 999 3247 patefacta
1021 3171 1118 3232 stetit.
1161 3169 1311 3249 Sinistris,
1325 3186 1449 3255 praeter·

398 3252 492 3327 quum
508 3249 592 3327 quod
607 3252 807 3313 confertiores
821 3264 984 3333 steterant,
1000 3256 1164 3337 repentino
1186 3258 1316 3320 consilio
1333 3257 1448 3321 Poetelii

398 3332 533 3392 consulis
549 3332 663 3396 additu
689 3338 787 3397 vires:
811 3338 865 3419 qui
887 3339 1084 3403 subsidiarias
1105 3343 1259 3421 cohortes,
1285 3363 1352 3424 quse
1374 3345 1449 3405 inte-

396 3433 457 3493 grae
480 3415 520 3476 sd
555 3416 702 3499 longioris
734 3442 846 3503 pugnae
888 3421 1243 3505 cauu‘reservebaomr,
1266 3426 1447 3510 inprimant

270 3522 275 3533 ·
312 3546 315 3553 .
396 3498 495 3559 aciem
516 3504 673 3584 extemplo
699 3507 803 3567 emisit
810 3529 822 3583 3
845 3509 1052 3591 universisque
1074 3514 1195 3575 hostem
1216 3514 1315 3595 primo
1345 3512 1448 3597 inpetu

396 3584 508 3681 uiribus
529 3585 650 3667 inpulit.
690 3588 857 3653 Commota
880 3595 1015 3675 pedestri
1040 3599 1107 3659 acie
1134 3596 1333 3677 Samnitium,
1359 3620 1445 3681 eques

395 3688 443 3767 ru·
455 3690 590 3753 pugnam
613 3674 762 3737 subcedit.
786 3677 927 3757 inbono,
943 3692 1115 3746 transverso
1130 3684 1252 3766 ugmine
1276 3686 1358 3747 inter
1374 3686 1445 3752 dms

393 3774 479 3851 ,efres
514 3776 547 3817 se
586 3758 779 3840 inferentem,
811 3762 970 3828 Romanus
991 3770 1148 3849 equitatus
1170 3770 1308 3832 concitat
1332 3772 1444 3854 equos3

394 3857 542 3924 signaque
563 3854 596 3904 et
617 3846 739 3909 ordines
755 3848 896 3931 pediturn
917 3863 1011 3933 atque
1025 3856 1172 3935 equitum·
1191 3856 1363 3934 confundit,
1392 3855 1447 3915 do-

523 3988 536 4015 ¹¹
552 3988 748 4045 operirthron.
760 3989 829 4040 Cres.
1116 4000 1129 4025 ⁹
1145 3995 1248 4044 cmm·
1257 3996 1322 4046 Erasi.

380 4124 400 4159 ,-
427 4088 440 4125 ⁷
457 4090 533 4157 Mflglt
548 4106 622 4147 tmen
631 4100 687 4178 spes]
703 4104 740 4153 Sic
755 4120 817 4153 unus
827 4103 906 4151 Hetr-
971 4108 983 4143 ⁰
1004 4106 1081 4153 Arimi
1099 4107 1171 4165 pediti
1191 4114 1263 4153 tuton
1274 4077 1345 4169 xsors]
1365 4106 1446 4155 Mallet

393 4150 645 4243 nllacodexssigouiuu,
654 4168 744 4230 aliique.
779 4167 907 4229 Vulgospe.
940 4169 1071 4217 Gronovius
1091 4172 1172 4230 pedite,
1195 4182 1221 4218 ct
1241 4172 1354 4231 exponit:
1377 4172 1444 4219 Pelle

391 4216 538 4325 Mentesa&
558 4228 584 4273 ln
597 4240 715 4303 'mmpscto
731 4232 824 4280 latibus
837 4233 905 4311 dotas]
939 4234 987 4309 ipse
1004 4232 1066 4309 solus
1084 4249 1127 4295 per
1145 4248 1171 4282 se
1187 4235 1241 4282 sutis
1262 4246 1339 4285 tutam
1355 4248 1445 4302 peste·

524 4299 633 4341 ronouus
650 4294 773 4356 legendum
789 4309 866 4362 punt,
882 4314 908 4346 or
939 4298 973 4346 brt
982 4312 1056 4347 serem
1066 4312 1097 4346 es
1106 4313 1158 4349 sese
1167 4310 1320 4350 commen.

391 4346 536 4395 metum
