3175 5200
472 385 549 447 LIB.
570 383 755 447 vtltscnl‘.
774 383 888 448 XXIV.
1156 394 1218 458 477

173 541 185 578 ‘
201 541 405 606 dictatoremt
433 539 531 622 n'eque
547 542 586 603 ab
606 540 732 602 consule
747 539 888 622 cuiquam
903 541 1024 624 publice
1037 542 1216 624 privatimve
1229 551 1305 606 mc.
1315 557 1376 610 sau.

173 631 184 664 ‘
201 630 240 691 de
256 650 294 692 ea
308 650 339 691 re
355 629 501 712 scriptum
517 647 601 689 esse:
618 647 675 689 nec
691 645 874 708 quemquam
896 629 1072 690 mortalium
1087 641 1217 710 exstare,
1228 619 1366 672 ilc-³²⁴·

173 716 252 798 ‘'qui
267 715 424 778 sevidisse
440 725 493 776 aut
514 713 634 776 audisse
649 713 723 794 quid
738 712 833 790 dicat,
855 713 938 793 quod
960 715 1127 798 auspicium
1141 717 1217 779 diri·

173 803 316 864 ‘meretr
344 817 443 882 nequa
468 819 595 881 suppures
619 799 753 861 divinare
777 798 883 862 Roma
907 799 1048 862 sedentes
1071 803 1217 884 potuisse,

173 887 273 970 ‘quid
288 887 319 948 in
335 887 442 950 castris
457 886 573 948 consuli
588 885 653 946 vitii
676 886 857 948 obvenisset.
901 884 960 947 Cui
975 907 1039 948 non
1061 886 1217 970 adparere,

173 975 184 1010 ‘
200 973 281 1056 quod
297 973 431 1056 plebeius
447 973 580 1034 dictator
595 971 645 1049 sit,
658 971 689 1032 id
704 971 811 1032 vitium
823 972 986 1053 auguribus
993 974 1092 1035 visum
1102 972 1126 1034 l'
1142 973 1217 1036 Haec

173 1060 294 1141 aliaque
310 1061 349 1121 ab
365 1059 492 1121 tribunis
507 1057 712 1139 nequidquam
730 1055 870 1139 jactata:
897 1069 1000 1122 tamen
1014 1059 1055 1122 ad
1068 1059 1218 1141 interreg·

172 1165 246 1208 num
261 1165 309 1208 res
325 1143 425 1208 redit'r
451 1144 613 1226 dilatisque
628 1144 690 1206 alia
703 1154 795 1225 atque
811 1143 872 1204 alia
886 1144 926 1206 dc
948 1165 1055 1208 caussa
1072 1145 1217 1224 comitiis,

173 1232 435 1316 quartusdecimus
461 1231 584 1294 demum
609 1230 744 1292 interrex
758 1227 950 1292 L.AEmilius
972 1232 1112 1294 consules
1134 1229 1368 1294 erearum·

173 1317 209 1381 c.
222 1317 393 1398 uacum,
419 1316 455 1379 n.
463 1315 617 1400 capusum
632 1314 848 1398 Mugillanum.
901 1315 1064 1382 Cursorem
1088 1319 1122 1380 ss
1148 1296 1368 1410 ursam

173 1405 333 1468 annalibus
348 1405 479 1466 inuenio.
1189 1432 1195 1441 ·
1230 1427 1264 1474 11.
1275 1426 1302 1474 L.
1313 1425 1358 1474 Pa-

183 1501 187 1510 '
215 1487 332 1552 XXIV.
354 1489 511 1553 ⁴‘Eodem
538 1509 619 1552 anno
644 1489 865 1553 Alexandriam
890 1491 922 1553 in
943 1487 1083 1574 AEgypto
1108 1491 1362 1576 prodi-1³¹¹l‘ffl‘112h

173 1590 239 1639 tum
270 1577 446 1655 conditam3
476 1576 755 1659 Alexandrumque,
775 1575 870 1658 'Epiri
898 1597 1013 1657 regem,
1043 1578 1082 1638 ab
1111 1579 1214 1639 exsule
1229 1555 1355 1685 ἓξὲξ

171 1661 300 1726 Lucano
324 1663 531 1739 interiectum,
555 1665 584 1702 ⁴⁸
592 1671 689 1724 sorte
710 1661 861 1724 Dodonaei
875 1660 962 1725 lovis
986 1673 1095 1725 eventu
1123 1664 1281 1738 adlit-nn,

171 1767 281 1812 masse.
325 1747 439 1811 Adcito
455 1749 493 1809 ab
507 1746 683 1810 Tarentinis
705 1748 737 1808 in
754 1746 876 1810 ltaliam
890 1749 964 1810 data
984 1751 1012 1794 ⁴⁷
1024 1747 1120 1812 dictio
1135 1763 1215 1824 erat,

172 1835 319 1897 ‘caveret
331 1833 530 1896 Acherusiam
547 1854 656 1915 aquarn
672 1833 916 1914 Pandosiamque
937 1835 1062 1896 urbem:
1086 1836 1129 1897 ibi
1144 1834 1217 1898 latis

172 1921 183 1954 ‘
198 1919 261 2004 ejus
277 1921 443 1983 terminum
460 1917 557 1981 dari.’·
591 1919 697 2002 quue
712 1921 797 1982 ocius
810 1921 980 1982 transmisit
994 1921 1026 1980 in
1038 1919 1170 1999 ltaliam,
1181 1933 1218 1984 ut

173 2027 264 2090 quam
286 2007 422 2070 maxime
449 2006 556 2090 procul
582 2007 704 2069 abesset
732 2007 806 2068 urbe
831 2004 984 2068 Pandosia
1005 2005 1037 2066 in
1062 2004 1157 2088 Epiro
1186 2017 1219 2068 et

171 2087 348 2174 Acheronte
371 2093 466 2169 moni,
491 2097 591 2174 quem'
604 2112 643 2154 ex
659 2091 829 2154 Molosside
852 2091 997 2153 luentem
1019 2091 1051 2150 in
1073 2091 1101 2130 ⁴⁸
1111 2102 1220 2173 stagna

173 2179 293 2241 i'nferna
316 2179 429 2260 accipit
442 2176 643 2260 Thespmtius
652 2187 667 2218 ¹
682 2178 774 2238 sinus.
789 2207 792 2212 ·
818 2175 962 2239 Ceterum
992 2174 1040 2253 (ut
1051 2175 1156 2239 terme
1171 2177 1220 2238 lu-

173 2263 333 2346 g'ie'ndoin
348 2263 451 2325 media
476 2263 541 2324 satit
564 2263 674 2342 ruitur)
702 2283 795 2344 quum
821 2283 901 2344 saepe
916 2261 1051 2324 Bruttias
1066 2260 1221 2326 lucanas·

175 2370 235 2434 que
260 2350 397 2431 legiones
421 2348 549 2411 fudisset
557 2355 573 2426 ς’
595 2347 778 2410 Heracleam
799 2347 1036 2410 'larentinomm
1056 2350 1221 2429 coloniam,

464 2457 482 2530 ‘-
559 2494 572 2520 ¹
586 2485 739 2552 llesprotiuus
750 2486 824 2536 Gran.

170 2612 359 2689 quendilmmai
386 2610 481 2671 Ἠοηί.
494 2618 682 2696 capuana.
746 2616 769 2653 ⁴⁶
787 2618 858 2697 §ortes
878 2618 984 2668 Dadosaei
1003 2618 1074 2684 Jsss]
1102 2620 1156 2699 lam
1178 2620 1222 2670 ols-

171 2689 528 2817 limitum
537 2685 619 2800 ull·
641 2698 683 2748 ¹²¹⁰
713 2698 853 2798 llll
864 2685 1225 2817 {iimliiniiffl

205 2818 228 2851 ⁴⁴
244 2814 347 2877 Silentia]
367 2814 681 2880 Silesuicmrgmquurudi-
714 2814 783 2863 etium
800 2829 856 2863 voce
874 2816 943 2862 edito.
976 2814 1023 2864 Hic
1040 2829 1132 2881 possum
1150 2816 1223 2866 intel·

172 2882 410 2946 strunsgnlncsama
425 2881 561 2943 marmilon
570 2882 684 2941 quomimu
715 2880 754 2940 ligi
775 2894 838 2929 serta
868 2892 949 2928 sortes.
990 2882 1087 2929 Constat
1109 2883 1172 2931 enirn
1193 2896 1223 2930 ex

172 2954 303 3013 mergent,
321 2946 395 3008 inquis
406 2946 488 2995 Festus
504 2946 595 2993 insoae
612 2944 683 2995 Sira's·
715 2946 767 2995 Cir.
786 2945 933 2995 demnis.
944 2946 1017 2995 ald.
1035 2958 1062 2995 et
1079 2947 1131 2995 lu.
1148 2948 1224 2995 mol.

172 3020 256 3061 trusrs
274 3010 344 3073 Apud
360 3026 415 3059 sum
433 3011 485 3059 vida
502 3008 637 3059 in-rocibus
646 3009 682 3057 Si.
716 3011 775 3075 apud
797 3010 936 3070 Dodonsm,
953 3020 1038 3071 prater
1054 3010 1179 3067 columbas.
1198 3022 1225 3063 et

174 3076 240 3124 lentio
259 3086 283 3123 et
305 3074 379 3121 Solida
394 3075 460 3134 salla,
478 3076 592 3139 quomodo
608 3075 683 3136 prori-
718 3089 827 3135 queroum
842 3076 1017 3132 vaticinantem,
1030 3070 1060 3121 'et
1077 3074 1224 3123 Dodoom

174 3138 333 3201 dsrenriiqui
350 3139 566 3201 inausplriocranr,
583 3136 684 3199 nequid
716 3152 757 3197 aas,
796 3139 865 3185 eriam
896 3148 969 3185 sortes
1001 3138 1076 3185 lotum
1108 3140 1223 3188 habuisse.

174 3207 284 3269 anepitns
298 3203 407 3260 oramus,
421 3204 482 3265 quod
493 3203 592 3265 auspicia
604 3202 683 3251 turba·
716 3202 786 3251 Porro
804 3203 952 3259 soatemllse,
970 3201 1037 3249 fuera
1053 3202 1102 3259 tali,
1118 3215 1159 3252 aot
1174 3216 1224 3251 tes-

174 3280 220 3318 rat.
254 3270 318 3317 Hiar
334 3268 447 3315 silentium
466 3268 549 3315 dicitur
566 3266 590 3313 in
607 3267 683 3332 auspi·
715 3282 783 3328 serae,
800 3278 841 3315 aut
857 3266 974 3331 schedulae
993 3268 1062 3330 certis
1079 3267 1170 3327 littsr‘n,
1186 3267 1225 3319 rel

176 3334 226 3392 aiis.
248 3334 308 3397 quod
330 3330 393 3379 omni
410 3332 467 3380 vitio
485 3342 554 3381 caret.
586 3328 640 3380 Vid.
660 3342 684 3381 et
716 3332 820 3391 uocibus,
846 3332 884 3380 vel
910 3332 971 3379 notis
1002 3330 1123 3394 inscriptae.
1178 3332 1225 3381 Eas

178 3396 459 3448 crustuminum.
717 3396 772 3445 alibi
790 3396 891 3461 jaciebas
912 3397 960 3461 ipae
982 3396 1106 3453 consultor,
1124 3395 1176 3446 alibi
1194 3412 1225 3447 ex

207 3463 229 3497 ⁴⁶
248 3460 686 3527 mamsmnumungyp·
716 3478 774 3511 urna
791 3462 926 3512 extrahebat
942 3476 1008 3526 psssr.
1038 3463 1126 3511 Parum
1140 3463 1225 3512 deinde

176 3530 320 3591 toprrditsm
330 3526 449 3591 condilum]
465 3527 685 3578 Interdoctosson·
716 3539 782 3577 notu
802 3527 1011 3592 interpretabantur
1028 3528 1165 3592 neumas,
1186 3529 1225 3577 iu·

175 3604 220 3641 star
247 3608 293 3641 uon
318 3592 431 3641 conditam
454 3606 503 3640 esse
522 3591 684 3639 Alexandriam
716 3594 790 3656 dequa
823 3592 908 3641 oraculi
937 3608 973 3641 res
1004 3607 1070 3639 nsum
1102 3594 1226 3642 concinna·

175 3658 301 3715 manno,
314 3658 535 3721 quoconditoscjua
551 3657 685 3705 Alexander
715 3661 778 3707 baur.
820 3656 873 3707 vin.
891 3658 949 3706 Ant.
995 3656 1084 3719 sodale,
1102 3656 1226 3708 Dissertat.

173 3724 296 3789 Babylona
314 3730 419 3771 mortuus
443 3734 488 3780 est,
504 3722 553 3771 sed·
566 3735 607 3771 tex
630 3736 683 3786 sep·
715 3724 745 3773 dc
766 3723 910 3773 cuculorum
934 3722 1021 3784 onnus
1042 3734 1067 3771 et
1088 3725 1227 3782 auctarilsus,

176 3800 324 3839 temerante
342 3787 415 3835 sunia.
447 3788 578 3851 Suspicatur
593 3787 686 3847 Pighius
716 3805 738 3839 c.
750 3791 787 3837 ll.

176 3853 201 3902 in
214 3852 686 3912 unusualmonitumnonitum,
748 3853 771 3889 ⁴⁷
788 3850 874 3916 Dictis]
892 3852 1037 3917 Responsum
1052 3850 1144 3901 oraculi.
1177 3850 1225 3901 Eo·

176 3920 214 3967 rel
224 3932 303 3968 sorum
313 3932 369 3981 quoa
379 3918 417 3966 hic
428 3917 467 3965 ille
483 3919 594 3981 sequitur,
607 3926 685 3966 ortum
717 3921 770 3968 darn
787 3934 857 3967 sensu
872 3921 933 3967 issac
950 3932 1030 3966 rorem
1046 3918 1162 3981 usurparit
1178 3918 1224 3966 l'a·

155 3996 162 4004 ·
176 4000 229 4033 esse
246 4001 275 4033 ea
292 3984 375 4032 omuso
391 3982 431 4031 illo
443 3982 470 4030 1..
479 3982 562 4047 l‘spirii
572 3983 686 4044 Curant‘n,
717 3984 804 4034 surius.
822 3984 876 4032 Vre.
886 3984 903 4032 l.
913 3996 941 4031 rt.
952 3985 980 4031 ad
991 3981 1098 4030 Hereum
1109 3998 1133 4030 n.
1141 3984 1182 4030 42.

176 4060 202 4099 at
223 4046 352 4100 cLPoessui
363 4048 492 4110 conauhtu,
511 4049 540 4097 de
558 4062 604 4111 quo
619 4062 686 4112 snpra
749 4050 773 4083 ⁴⁸
788 4048 874 4112 Stagna
884 4048 983 4127 ὄψιν]
1002 4045 1054 4095 Vna
1063 4046 1152 4109 inseras
1162 4044 1225 4094 vide·

177 4115 237 4165 adr.
249 4116 286 4165 19.
317 4114 603 4163 Adilloaenimconsules
613 4114 686 4162 Alas-
718 4124 759 4163 tur
769 4128 822 4163 esse
831 4128 920 4177 propns
932 4112 1054 4176 appellatio
1068 4112 1141 4173 stagni
1151 4111 1224 4159 alieu-

177 4181 278 4229 andriam
289 4180 404 4230 conditam
414 4180 485 4229 refert
499 4180 600 4239 Solinus,
615 4178 685 4244 Poly.
715 4179 769 4244 jung
785 4180 881 4227 {ortam
897 4177 1030 4225 Acherusia
1043 4176 1113 4240 ipsius
1127 4176 1224 4241 paludis,

176 4246 234 4295 hias.
245 4248 313 4295 alt.
333 4242 497 4308 -Quosquum
513 4260 561 4293 non
572 4260 686 4295 memora·
718 4247 756 4293 cui
767 4245 812 4293 hot
831 4258 916 4292 nomen
931 4243 1030 4291 induam
1049 4255 1098 4289 essa
1116 4242 1225 4305 potuita

176 4310 238 4358 varis
248 4310 333 4371 Lirim,
348 4310 372 4359 in
383 4310 486 4360 consuler
497 4309 567 4376 liujus
577 4312 640 4367 anni,
654 4310 686 4359 L.
718 4310 820 4375 populari
829 4310 949 4374 opinione,
958 4306 1169 4371 quoeAclrerootem
1179 4307 1223 4352 lla-

177 4372 293 4438 Papirlam
319 4376 479 4438 Mugillanum,
507 4375 537 4425 C.
559 4376 684 4425 lloetellum
716 4375 928 4424 vinminlalemas
937 4376 1110 4438 atumem
1117 4371 1224 4437 paludem

176 4440 401 4499 iterum,nominnm
411 4442 685 4505 aimdhudinedaceptus,
718 4440 793 4493 delabi
803 4440 910 4504 metat.

179 4506 684 4573 malarejesitronditsrdlmaadriatempm.
