<?xml version="1.0" encoding="UTF-8"?>
<!DOCTYPE html PUBLIC "-//W3C//DTD XHTML 1.0 Transitional//EN"
    "http://www.w3.org/TR/xhtml1/DTD/xhtml1-transitional.dtd">
<html xmlns="http://www.w3.org/1999/xhtml" xml:lang="en" lang="en">
 <head>
  <title>
</title>
<meta http-equiv="Content-Type" content="text/html;charset=utf-8" />
  <meta name='ocr-system' content='tesseract 3.04.00' />
  <meta name='ocr-capabilities' content='ocr_page ocr_carea ocr_par ocr_line ocrx_word'/>
</head>
<body>
  <div class='ocr_page' id='page_1' title='image "./tliviipatavinih03grongoog_0414.png"; bbox 0 0 3175 5200; ppageno 0'>
   <div class='ocr_carea' id='block_1_1' title="bbox 337 312 1043 397">
    <p class='ocr_par' dir='ltr' id='par_1_1' title="bbox 337 312 1043 397">
     <span class='ocr_line' id='line_1_1' title="bbox 337 312 1043 397; baseline 0.001 -2"><span class='ocrx_word' id='word_1_1' title='bbox 337 312 399 395; x_wconf 82' lang='lat' dir='ltr'>ser</span> <span class='ocrx_word' id='word_1_2' title='bbox 748 320 964 397; x_wconf 75' lang='lat' dir='ltr'>&#39;urmmm</span> <span class='ocrx_word' id='word_1_3' title='bbox 1036 334 1043 347; x_wconf 92' lang='lat'><strong>·</strong></span> 
     </span>
    </p>
   </div>
   <div class='ocr_carea' id='block_1_2' title="bbox 168 476 1433 3847">
    <p class='ocr_par' dir='ltr' id='par_1_2' title="bbox 168 476 1433 3847">
     <span class='ocr_line' id='line_1_2' title="bbox 336 476 1380 567; baseline 0.007 -23"><span class='ocrx_word' id='word_1_4' title='bbox 336 478 456 545; x_wconf 78' lang='lat' dir='ltr'>Eodem</span> <span class='ocrx_word' id='word_1_5' title='bbox 465 476 546 555; x_wconf 77' lang='lat' dir='ltr'>anno</span> <span class='ocrx_word' id='word_1_6' title='bbox 560 482 590 525; x_wconf 61' lang='grc' dir='ltr'>’θ</span> <span class='ocrx_word' id='word_1_7' title='bbox 600 478 743 564; x_wconf 66' lang='grc' dir='ltr'>Βοτὶιιωῐ,</span> <span class='ocrx_word' id='word_1_8' title='bbox 753 483 828 566; x_wconf 86' lang='lat' dir='ltr'>ipsis</span> <span class='ocrx_word' id='word_1_9' title='bbox 837 481 1034 566; x_wconf 73' lang='lat' dir='ltr'>querentibus</span> <span class='ocrx_word' id='word_1_10' title='bbox 1042 484 1203 567; x_wconf 80' lang='lat' dir='ltr'>penuriam</span> <span class='ocrx_word' id='word_1_11' title='bbox 1211 484 1380 567; x_wconf 83' lang='lat' dir='ltr'>hominum,</span> 
     </span>
     <span class='ocr_line' id='line_1_3' title="bbox 337 568 1380 655; baseline 0.005 -24"><span class='ocrx_word' id='word_1_12' title='bbox 337 570 362 614; x_wconf 79' lang='lat'>³⁸</span> <span class='ocrx_word' id='word_1_13' title='bbox 374 569 443 631; x_wconf 85' lang='lat' dir='ltr'>novi</span> <span class='ocrx_word' id='word_1_14' title='bbox 459 568 560 631; x_wconf 86' lang='lat' dir='ltr'>coloni</span> <span class='ocrx_word' id='word_1_15' title='bbox 574 569 730 653; x_wconf 74' lang='lat' dir='ltr'><strong>adscripti.</strong></span> <span class='ocrx_word' id='word_1_16' title='bbox 776 569 939 653; x_wconf 73' lang='lat' dir='ltr'>Rebusque</span> <span class='ocrx_word' id='word_1_17' title='bbox 954 572 1036 633; x_wconf 82' lang='lat' dir='ltr'>haud</span> <span class='ocrx_word' id='word_1_18' title='bbox 1050 573 1206 655; x_wconf 74' lang='lat' dir='ltr'>prosperis</span> <span class='ocrx_word' id='word_1_19' title='bbox 1220 572 1314 651; x_wconf 89' lang='lat' dir='ltr'>hello,</span> <span class='ocrx_word' id='word_1_20' title='bbox 1325 574 1380 636; x_wconf 71' lang='lat' dir='ltr'>do</span> 
     </span>
     <span class='ocr_line' id='line_1_4' title="bbox 337 655 1433 743; baseline 0.005 -24"><span class='ocrx_word' id='word_1_21' title='bbox 337 655 466 719; x_wconf 78' lang='lat' dir='ltr'>montius</span> <span class='ocrx_word' id='word_1_22' title='bbox 480 657 577 737; x_wconf 89' lang='lat' dir='ltr'>quies,</span> <span class='ocrx_word' id='word_1_23' title='bbox 592 676 683 738; x_wconf 89' lang='lat' dir='ltr'>quam</span> <span class='ocrx_word' id='word_1_24' title='bbox 697 658 887 722; x_wconf 76' lang='lat' dir='ltr'>tribunonrm</span> <span class='ocrx_word' id='word_1_25' title='bbox 902 658 1033 719; x_wconf 89' lang='lat' dir='ltr'>militum</span> <span class='ocrx_word' id='word_1_26' title='bbox 1045 679 1084 721; x_wconf 84' lang='lat' dir='ltr'>ex</span> <span class='ocrx_word' id='word_1_27' title='bbox 1098 660 1189 742; x_wconf 82' lang='lat' dir='ltr'>plebs</span> <span class='ocrx_word' id='word_1_28' title='bbox 1203 662 1304 743; x_wconf 82' lang='lat' dir='ltr'>gratia</span> <span class='ocrx_word' id='word_1_29' title='bbox 1314 680 1380 723; x_wconf 86' lang='lat' dir='ltr'>rna·</span> <span class='ocrx_word' id='word_1_30' title='bbox 1423 710 1433 735; x_wconf 67' lang='grc'>,</span> 
     </span>
     <span class='ocr_line' id='line_1_5' title="bbox 334 738 1067 823; baseline 0.005 -20"><span class='ocrx_word' id='word_1_31' title='bbox 334 738 491 823; x_wconf 77' lang='lat' dir='ltr'>jestasque</span> <span class='ocrx_word' id='word_1_32' title='bbox 506 744 586 805; x_wconf 85' lang='lat' dir='ltr'>inter</span> <span class='ocrx_word' id='word_1_33' title='bbox 601 763 672 805; x_wconf 91' lang='lat' dir='ltr'>suos</span> <span class='ocrx_word' id='word_1_34' title='bbox 684 738 828 823; x_wconf 88' lang='lat' dir='ltr'>obtinuit,</span> <span class='ocrx_word' id='word_1_35' title='bbox 840 745 984 807; x_wconf 87' lang='lat' dir='ltr'>solatium</span> <span class='ocrx_word' id='word_1_36' title='bbox 999 745 1067 808; x_wconf 70' lang='lat' dir='ltr'>fuit,</span> 
     </span>
     <span class='ocr_line' id='line_1_6' title="bbox 172 826 1381 914; baseline 0.007 -25"><span class='ocrx_word' id='word_1_37' title='bbox 172 856 310 907; x_wconf 80' lang='lat' dir='ltr'>U.c.377.</span> <span class='ocrx_word' id='word_1_38' title='bbox 380 826 499 891; x_wconf 80' lang='lat' dir='ltr'><strong>XXXI.</strong></span> <span class='ocrx_word' id='word_1_39' title='bbox 529 829 720 909; x_wconf 84' lang='lat' dir='ltr'>Insequentis</span> <span class='ocrx_word' id='word_1_40' title='bbox 745 832 817 893; x_wconf 90' lang='lat' dir='ltr'>anni</span> <span class='ocrx_word' id='word_1_41' title='bbox 847 830 997 914; x_wconf 85' lang='lat' dir='ltr'>principia</span> <span class='ocrx_word' id='word_1_42' title='bbox 1023 833 1128 894; x_wconf 81' lang='lat' dir='ltr'>statim</span> <span class='ocrx_word' id='word_1_43' title='bbox 1158 834 1309 897; x_wconf 87' lang='lat' dir='ltr'>seditione</span> <span class='ocrx_word' id='word_1_44' title='bbox 1331 834 1381 897; x_wconf 91' lang='lat' dir='ltr'>in·</span> 
     </span>
     <span class='ocr_line' id='line_1_7' title="bbox 170 916 1379 1063; baseline 0.007 -89"><span class='ocrx_word' id='word_1_45' title='bbox 170 921 311 1051; x_wconf 43' lang='lat' dir='ltr'>shpfflt.</span> <span class='ocrx_word' id='word_1_46' title='bbox 338 916 550 1063; x_wconf 68' lang='lat' dir='ltr'>gentsiearsere,</span> <span class='ocrx_word' id='word_1_47' title='bbox 566 917 694 981; x_wconf 88' lang='lat' dir='ltr'>tribunis</span> <span class='ocrx_word' id='word_1_48' title='bbox 708 917 841 979; x_wconf 87' lang='lat' dir='ltr'>militurn</span> <span class='ocrx_word' id='word_1_49' title='bbox 862 918 1012 1019; x_wconf 75' lang='lat' dir='ltr'>consulari</span> <span class='ocrx_word' id='word_1_50' title='bbox 1033 930 1186 1021; x_wconf 68' lang='lat' dir='ltr'>potestate</span> <span class='ocrx_word' id='word_1_51' title='bbox 1206 917 1228 982; x_wconf 88' lang='lat' dir='ltr'>S</span> <span class='ocrx_word' id='word_1_52' title='bbox 1252 919 1379 1025; x_wconf 63' lang='lat' dir='ltr'>‚dhrim</span> 
     </span>
     <span class='ocr_line' id='line_1_8' title="bbox 339 1000 1378 1169; baseline 0.006 -20.026"><span class='ocrx_word' id='word_1_53' title='bbox 339 1000 1137 1169; x_wconf 43' lang='lat' dir='ltr'>l:neuls.uslutlsluhbtste</span> <span class='ocrx_word' id='word_1_54' title='bbox 1153 1004 1378 1155; x_wconf 58' lang='lat' dir='ltr'>droht:</span> 
     </span>
     <span class='ocr_line' id='line_1_9' title="bbox 170 1172 1377 1258; baseline 0.009 -28"><span class='ocrx_word' id='word_1_55' title='bbox 170 1183 307 1233; x_wconf 76' lang='lat' dir='ltr'>otmlie·</span> <span class='ocrx_word' id='word_1_56' title='bbox 338 1174 490 1237; x_wconf 86' lang='lat' dir='ltr'>alienumr</span> <span class='ocrx_word' id='word_1_57' title='bbox 526 1174 615 1257; x_wconf 81' lang='lat' dir='ltr'>nujus</span> <span class='ocrx_word' id='word_1_58' title='bbox 640 1177 786 1238; x_wconf 89' lang='lat' dir='ltr'>noscendi</span> <span class='ocrx_word' id='word_1_59' title='bbox 816 1175 916 1256; x_wconf 82' lang='lat' dir='ltr'>grstia</span> <span class='ocrx_word' id='word_1_60' title='bbox 941 1172 995 1257; x_wconf 92' lang='lat' dir='ltr'>Sp.</span> <span class='ocrx_word' id='word_1_61' title='bbox 1020 1173 1164 1239; x_wconf 85' lang='lat' dir='ltr'>Servilius</span> <span class='ocrx_word' id='word_1_62' title='bbox 1185 1176 1314 1258; x_wconf 80' lang='lat' dir='ltr'>Priscus,</span> <span class='ocrx_word' id='word_1_63' title='bbox 1336 1178 1377 1249; x_wconf 86' lang='lat' dir='ltr'>Q.</span> 
     </span>
     <span class='ocr_line' id='line_1_10' title="bbox 170 1258 1376 1347; baseline 0.002 -24"><span class='ocrx_word' id='word_1_64' title='bbox 170 1262 236 1298; x_wconf 61' lang='grc' dir='ltr'>Μ·</span> <span class='ocrx_word' id='word_1_65' title='bbox 339 1259 464 1323; x_wconf 83' lang='lat' dir='ltr'>Cloelius</span> <span class='ocrx_word' id='word_1_66' title='bbox 487 1258 607 1325; x_wconf 88' lang='lat' dir='ltr'>Siculus</span> <span class='ocrx_word' id='word_1_67' title='bbox 628 1273 768 1325; x_wconf 82' lang='lat' dir='ltr'>censores</span> <span class='ocrx_word' id='word_1_68' title='bbox 790 1260 874 1339; x_wconf 85' lang='lat' dir='ltr'>iacti,</span> <span class='ocrx_word' id='word_1_69' title='bbox 889 1282 929 1322; x_wconf 87' lang='lat' dir='ltr'>ne</span> <span class='ocrx_word' id='word_1_70' title='bbox 951 1282 1015 1324; x_wconf 89' lang='lat' dir='ltr'>rem</span> <span class='ocrx_word' id='word_1_71' title='bbox 1038 1275 1174 1344; x_wconf 81' lang='lat' dir='ltr'>agerent,</span> <span class='ocrx_word' id='word_1_72' title='bbox 1188 1265 1267 1326; x_wconf 90' lang='lat' dir='ltr'>bello</span> <span class='ocrx_word' id='word_1_73' title='bbox 1289 1265 1376 1347; x_wconf 87' lang='lat' dir='ltr'>inpe-</span> 
     </span>
     <span class='ocr_line' id='line_1_11' title="bbox 338 1346 1378 1431; baseline 0.003 -21"><span class='ocrx_word' id='word_1_74' title='bbox 338 1347 394 1410; x_wconf 89' lang='lat' dir='ltr'>diti</span> <span class='ocrx_word' id='word_1_75' title='bbox 424 1360 504 1411; x_wconf 90' lang='lat' dir='ltr'>sunt.</span> <span class='ocrx_word' id='word_1_76' title='bbox 533 1370 664 1431; x_wconf 90' lang='lat' dir='ltr'>namque</span> <span class='ocrx_word' id='word_1_77' title='bbox 690 1346 800 1428; x_wconf 80' lang='lat' dir='ltr'>trepidi</span> <span class='ocrx_word' id='word_1_78' title='bbox 831 1347 935 1407; x_wconf 89' lang='lat' dir='ltr'>nuncii</span> <span class='ocrx_word' id='word_1_79' title='bbox 961 1350 1073 1430; x_wconf 90' lang='lat' dir='ltr'>primo,</span> <span class='ocrx_word' id='word_1_80' title='bbox 1095 1349 1168 1430; x_wconf 78' lang='lat' dir='ltr'>iuga</span> <span class='ocrx_word' id='word_1_81' title='bbox 1202 1350 1312 1413; x_wconf 87' lang='lat' dir='ltr'>deinde</span> <span class='ocrx_word' id='word_1_82' title='bbox 1339 1372 1378 1413; x_wconf 88' lang='lat' dir='ltr'>ex</span> 
     </span>
     <span class='ocr_line' id='line_1_12' title="bbox 337 1433 1378 1525; baseline 0.004 -30"><span class='ocrx_word' id='word_1_83' title='bbox 337 1434 417 1515; x_wconf 85' lang='lat' dir='ltr'>agris</span> <span class='ocrx_word' id='word_1_84' title='bbox 432 1435 567 1518; x_wconf 86' lang='lat' dir='ltr'>legiones</span> <span class='ocrx_word' id='word_1_85' title='bbox 582 1434 762 1498; x_wconf 81' lang='lat' dir='ltr'>Volscorum</span> <span class='ocrx_word' id='word_1_86' title='bbox 780 1433 932 1515; x_wconf 85' lang='lat' dir='ltr'>ingressas</span> <span class='ocrx_word' id='word_1_87' title='bbox 947 1434 1034 1513; x_wconf 88' lang='lat' dir='ltr'>fines,</span> <span class='ocrx_word' id='word_1_88' title='bbox 1050 1436 1250 1519; x_wconf 89' lang='lat' dir='ltr'>popularique</span> <span class='ocrx_word' id='word_1_89' title='bbox 1265 1438 1378 1525; x_wconf 86' lang='lat' dir='ltr'>passim</span> 
     </span>
     <span class='ocr_line' id='line_1_13' title="bbox 336 1516 1378 1605; baseline 0.005 -24"><span class='ocrx_word' id='word_1_90' title='bbox 336 1516 511 1583; x_wconf 85' lang='lat' dir='ltr'>Romanurn</span> <span class='ocrx_word' id='word_1_91' title='bbox 533 1540 649 1605; x_wconf 76' lang='lat' dir='ltr'>agrum,</span> <span class='ocrx_word' id='word_1_92' title='bbox 672 1518 819 1581; x_wconf 82' lang='lat' dir='ltr'>adtulerc.</span> <span class='ocrx_word' id='word_1_93' title='bbox 878 1517 915 1580; x_wconf 93' lang='lat' dir='ltr'>ln</span> <span class='ocrx_word' id='word_1_94' title='bbox 947 1540 1007 1600; x_wconf 87' lang='lat' dir='ltr'>qua</span> <span class='ocrx_word' id='word_1_95' title='bbox 1028 1521 1234 1604; x_wconf 71' lang='lat' dir='ltr'>trepidatione</span> <span class='ocrx_word' id='word_1_96' title='bbox 1257 1535 1378 1586; x_wconf 82' lang='lat' dir='ltr'>tantum</span> 
     </span>
     <span class='ocr_line' id='line_1_14' title="bbox 336 1606 1378 1687; baseline 0.005 -20"><span class='ocrx_word' id='word_1_97' title='bbox 336 1606 423 1685; x_wconf 75' lang='lat' dir='ltr'>sinuit,</span> <span class='ocrx_word' id='word_1_98' title='bbox 438 1618 474 1668; x_wconf 90' lang='lat' dir='ltr'>ut</span> <span class='ocrx_word' id='word_1_99' title='bbox 487 1608 586 1673; x_wconf 84' lang='lat' dir='ltr'>civilia</span> <span class='ocrx_word' id='word_1_100' title='bbox 600 1606 767 1667; x_wconf 76' lang='lat' dir='ltr'>certamine</span> <span class='ocrx_word' id='word_1_101' title='bbox 781 1614 880 1667; x_wconf 80' lang='lat' dir='ltr'>terror</span> <span class='ocrx_word' id='word_1_102' title='bbox 894 1617 1037 1672; x_wconf 80' lang='lat' dir='ltr'>externus</span> <span class='ocrx_word' id='word_1_103' title='bbox 1056 1609 1225 1687; x_wconf 80' lang='lat' dir='ltr'>cohiberet,</span> <span class='ocrx_word' id='word_1_104' title='bbox 1248 1618 1284 1670; x_wconf 92' lang='lat' dir='ltr'>ut</span> <span class='ocrx_word' id='word_1_105' title='bbox 1305 1630 1378 1672; x_wconf 90' lang='lat' dir='ltr'>con-</span> 
     </span>
     <span class='ocr_line' id='line_1_15' title="bbox 335 1692 1376 1775; baseline 0.004 -22"><span class='ocrx_word' id='word_1_106' title='bbox 335 1702 383 1755; x_wconf 80' lang='lat' dir='ltr'>tre</span> <span class='ocrx_word' id='word_1_107' title='bbox 408 1714 447 1755; x_wconf 87' lang='lat' dir='ltr'>so</span> <span class='ocrx_word' id='word_1_108' title='bbox 474 1692 633 1755; x_wconf 86' lang='lat' dir='ltr'>violentior</span> <span class='ocrx_word' id='word_1_109' title='bbox 659 1704 795 1774; x_wconf 80' lang='lat' dir='ltr'>potestne</span> <span class='ocrx_word' id='word_1_110' title='bbox 831 1692 994 1755; x_wconf 86' lang='lat' dir='ltr'>tribunicia</span> <span class='ocrx_word' id='word_1_111' title='bbox 1030 1693 1218 1775; x_wconf 89' lang='lat' dir='ltr'>inpediendo</span> <span class='ocrx_word' id='word_1_112' title='bbox 1244 1696 1376 1757; x_wconf 86' lang='lat' dir='ltr'>delectui</span> 
     </span>
     <span class='ocr_line' id='line_1_16' title="bbox 335 1778 1374 1862; baseline 0.001 -21"><span class='ocrx_word' id='word_1_113' title='bbox 335 1792 435 1841; x_wconf 81' lang='lat' dir='ltr'>esset:</span> <span class='ocrx_word' id='word_1_114' title='bbox 471 1778 568 1841; x_wconf 89' lang='lat' dir='ltr'>donec</span> <span class='ocrx_word' id='word_1_115' title='bbox 590 1778 781 1841; x_wconf 88' lang='lat' dir='ltr'>conditiones</span> <span class='ocrx_word' id='word_1_116' title='bbox 796 1779 936 1860; x_wconf 82' lang='lat' dir='ltr'>inpositae</span> <span class='ocrx_word' id='word_1_117' title='bbox 951 1778 1100 1858; x_wconf 75' lang='lat' dir='ltr'>Patribus,</span> <span class='ocrx_word' id='word_1_118' title='bbox 1115 1800 1155 1842; x_wconf 90' lang='lat' dir='ltr'>ne</span> <span class='ocrx_word' id='word_1_119' title='bbox 1177 1781 1255 1861; x_wconf 89' lang='lat' dir='ltr'>quis,</span> <span class='ocrx_word' id='word_1_120' title='bbox 1272 1782 1374 1862; x_wconf 86' lang='lat' dir='ltr'>quoad</span> 
     </span>
     <span class='ocr_line' id='line_1_17' title="bbox 334 1863 1375 1949; baseline 0.004 -22"><span class='ocrx_word' id='word_1_121' title='bbox 334 1864 478 1927; x_wconf 83' lang='lat' dir='ltr'>bellatum</span> <span class='ocrx_word' id='word_1_122' title='bbox 504 1875 595 1942; x_wconf 78' lang='lat' dir='ltr'>esset,</span> <span class='ocrx_word' id='word_1_123' title='bbox 610 1865 756 1926; x_wconf 89' lang='lat' dir='ltr'>tributum</span> <span class='ocrx_word' id='word_1_124' title='bbox 781 1863 879 1943; x_wconf 87' lang='lat' dir='ltr'>daret,</span> <span class='ocrx_word' id='word_1_125' title='bbox 893 1877 947 1927; x_wconf 85' lang='lat' dir='ltr'>sut</span> <span class='ocrx_word' id='word_1_126' title='bbox 964 1864 1015 1947; x_wconf 90' lang='lat' dir='ltr'>jus</span> <span class='ocrx_word' id='word_1_127' title='bbox 1041 1867 1081 1928; x_wconf 89' lang='lat' dir='ltr'>ds</span> <span class='ocrx_word' id='word_1_128' title='bbox 1106 1867 1236 1949; x_wconf 85' lang='lat' dir='ltr'>pecunia</span> <span class='ocrx_word' id='word_1_129' title='bbox 1256 1867 1375 1946; x_wconf 75' lang='lat' dir='ltr'>credits</span> 
     </span>
     <span class='ocr_line' id='line_1_18' title="bbox 336 1948 1373 2033; baseline 0.005 -22"><span class='ocrx_word' id='word_1_130' title='bbox 336 1950 460 2013; x_wconf 89' lang='lat' dir='ltr'>diceret.</span> <span class='ocrx_word' id='word_1_131' title='bbox 502 1948 549 2012; x_wconf 80' lang='lat' dir='ltr'>Eo</span> <span class='ocrx_word' id='word_1_132' title='bbox 564 1950 738 2018; x_wconf 85' lang='lat' dir='ltr'>laxamento</span> <span class='ocrx_word' id='word_1_133' title='bbox 752 1951 834 2033; x_wconf 89' lang='lat' dir='ltr'>plebi</span> <span class='ocrx_word' id='word_1_134' title='bbox 851 1963 963 2033; x_wconf 88' lang='lat' dir='ltr'>sumto,</span> <span class='ocrx_word' id='word_1_135' title='bbox 978 1972 1065 2014; x_wconf 86' lang='lat' dir='ltr'>mora</span> <span class='ocrx_word' id='word_1_136' title='bbox 1086 1953 1216 2016; x_wconf 88' lang='lat' dir='ltr'>delectui</span> <span class='ocrx_word' id='word_1_137' title='bbox 1238 1972 1302 2016; x_wconf 85' lang='lat' dir='ltr'>nou</span> <span class='ocrx_word' id='word_1_138' title='bbox 1324 1964 1373 2015; x_wconf 82' lang='lat' dir='ltr'>est</span> 
     </span>
     <span class='ocr_line' id='line_1_19' title="bbox 335 2034 1373 2138; baseline 0.003 -41"><span class='ocrx_word' id='word_1_139' title='bbox 335 2035 426 2099; x_wconf 82' lang='lat' dir='ltr'>iacta.</span> <span class='ocrx_word' id='word_1_140' title='bbox 469 2034 656 2119; x_wconf 68' lang='lat' dir='ltr'>legionibus</span> <span class='ocrx_word' id='word_1_141' title='bbox 680 2038 766 2138; x_wconf 77' lang='lat' dir='ltr'>novis</span> <span class='ocrx_word' id='word_1_142' title='bbox 788 2038 921 2120; x_wconf 88' lang='lat' dir='ltr'>seriptis,</span> <span class='ocrx_word' id='word_1_143' title='bbox 935 2038 1062 2120; x_wconf 83' lang='lat' dir='ltr'>placuit,</span> <span class='ocrx_word' id='word_1_144' title='bbox 1077 2039 1153 2103; x_wconf 91' lang='lat' dir='ltr'>duos</span> <span class='ocrx_word' id='word_1_145' title='bbox 1168 2040 1319 2101; x_wconf 82' lang='lat' dir='ltr'>exercitus</span> <span class='ocrx_word' id='word_1_146' title='bbox 1341 2039 1373 2100; x_wconf 91' lang='lat' dir='ltr'>in</span> 
     </span>
     <span class='ocr_line' id='line_1_20' title="bbox 168 2120 1376 2293; baseline 0.014 -29"><span class='ocrx_word' id='word_1_147' title='bbox 168 2133 303 2264; x_wconf 56' lang='lat' dir='ltr'>iffi</span> <span class='ocrx_word' id='word_1_148' title='bbox 335 2120 1376 2293; x_wconf 53' lang='lat' dir='ltr'>tlhl⁰ltll0ltl⁰llhmll⁸¹zll⁰¹nil·illmll</span> 
     </span>
     <span class='ocr_line' id='line_1_21' title="bbox 169 2278 1377 2381; baseline -0.001 -21"><span class='ocrx_word' id='word_1_149' title='bbox 169 2278 254 2317; x_wconf 57' lang='grc' dir='ltr'>’Μ’</span> <span class='ocrx_word' id='word_1_150' title='bbox 336 2293 479 2362; x_wconf 71' lang='lat' dir='ltr'>Servilius</span> <span class='ocrx_word' id='word_1_151' title='bbox 494 2282 528 2359; x_wconf 76' lang='lat' dir='ltr'>et</span> <span class='ocrx_word' id='word_1_152' title='bbox 546 2296 582 2360; x_wconf 78' lang='lat' dir='ltr'>h.</span> <span class='ocrx_word' id='word_1_153' title='bbox 593 2295 747 2380; x_wconf 83' lang='lat' dir='ltr'>Geganius</span> <span class='ocrx_word' id='word_1_154' title='bbox 772 2298 844 2359; x_wconf 75' lang='lat' dir='ltr'>laeva</span> <span class='ocrx_word' id='word_1_155' title='bbox 870 2298 911 2359; x_wconf 79' lang='lat' dir='ltr'>nd</span> <span class='ocrx_word' id='word_1_156' title='bbox 933 2310 1057 2360; x_wconf 84' lang='lat' dir='ltr'>montes</span> <span class='ocrx_word' id='word_1_157' title='bbox 1071 2296 1215 2361; x_wconf 82' lang='lat' dir='ltr'>Ecetram</span> <span class='ocrx_word' id='word_1_158' title='bbox 1237 2308 1377 2381; x_wconf 75' lang='lat' dir='ltr'>pergunt.</span> 
     </span>
     <span class='ocr_line' id='line_1_22' title="bbox 335 2381 1377 2471; baseline 0.001 -26"><span class='ocrx_word' id='word_1_159' title='bbox 335 2381 453 2447; x_wconf 87' lang='lat' dir='ltr'>Neutra</span> <span class='ocrx_word' id='word_1_160' title='bbox 467 2396 553 2471; x_wconf 86' lang='lat' dir='ltr'>parte</span> <span class='ocrx_word' id='word_1_161' title='bbox 573 2384 670 2464; x_wconf 85' lang='lat' dir='ltr'>hostis</span> <span class='ocrx_word' id='word_1_162' title='bbox 692 2384 798 2447; x_wconf 85' lang='lat' dir='ltr'>obvius</span> <span class='ocrx_word' id='word_1_163' title='bbox 812 2384 879 2446; x_wconf 83' lang='lat' dir='ltr'>fuit.</span> <span class='ocrx_word' id='word_1_164' title='bbox 940 2383 1102 2466; x_wconf 89' lang='lat' dir='ltr'>Populatio</span> <span class='ocrx_word' id='word_1_165' title='bbox 1125 2386 1229 2466; x_wconf 86' lang='lat' dir='ltr'>ltaque</span> <span class='ocrx_word' id='word_1_166' title='bbox 1249 2404 1313 2446; x_wconf 90' lang='lat' dir='ltr'>non</span> <span class='ocrx_word' id='word_1_167' title='bbox 1334 2384 1377 2446; x_wconf 92' lang='lat' dir='ltr'>illl</span> 
     </span>
     <span class='ocr_line' id='line_1_23' title="bbox 330 2468 1376 2552; baseline 0.002 -21"><span class='ocrx_word' id='word_1_168' title='bbox 330 2492 413 2551; x_wconf 77' lang='lat' dir='ltr'>vagae</span> <span class='ocrx_word' id='word_1_169' title='bbox 438 2470 556 2549; x_wconf 89' lang='lat' dir='ltr'>similis,</span> <span class='ocrx_word' id='word_1_170' title='bbox 572 2490 663 2552; x_wconf 89' lang='lat' dir='ltr'>quam</span> <span class='ocrx_word' id='word_1_171' title='bbox 683 2468 813 2533; x_wconf 89' lang='lat' dir='ltr'>Volscus</span> <span class='ocrx_word' id='word_1_172' title='bbox 835 2470 986 2533; x_wconf 90' lang='lat' dir='ltr'>latrocinii</span> <span class='ocrx_word' id='word_1_173' title='bbox 1009 2492 1105 2550; x_wconf 90' lang='lat' dir='ltr'>more,</span> <span class='ocrx_word' id='word_1_174' title='bbox 1129 2470 1283 2535; x_wconf 83' lang='lat' dir='ltr'>discordia</span> <span class='ocrx_word' id='word_1_175' title='bbox 1305 2471 1376 2533; x_wconf 90' lang='lat' dir='ltr'>hos·</span> 
     </span>
     <span class='ocr_line' id='line_1_24' title="bbox 330 2556 1374 2642; baseline 0.001 -22"><span class='ocrx_word' id='word_1_176' title='bbox 330 2556 407 2620; x_wconf 86' lang='lat' dir='ltr'>tium</span> <span class='ocrx_word' id='word_1_177' title='bbox 421 2556 527 2636; x_wconf 84' lang='lat' dir='ltr'>iratus,</span> <span class='ocrx_word' id='word_1_178' title='bbox 543 2568 575 2621; x_wconf 90' lang='lat' dir='ltr'>et</span> <span class='ocrx_word' id='word_1_179' title='bbox 596 2559 739 2622; x_wconf 82' lang='lat' dir='ltr'>virtutem</span> <span class='ocrx_word' id='word_1_180' title='bbox 760 2568 912 2636; x_wconf 86' lang='lat' dir='ltr'>metuens,</span> <span class='ocrx_word' id='word_1_181' title='bbox 934 2577 989 2640; x_wconf 93' lang='lat' dir='ltr'>per</span> <span class='ocrx_word' id='word_1_182' title='bbox 1009 2556 1248 2642; x_wconf 76' lang='lat' dir='ltr'>trepidationem</span> <span class='ocrx_word' id='word_1_183' title='bbox 1264 2558 1374 2642; x_wconf 88' lang='lat' dir='ltr'>raptim</span> 
     </span>
     <span class='ocr_line' id='line_1_25' title="bbox 330 2643 1372 2727; baseline 0 -23"><span class='ocrx_word' id='word_1_184' title='bbox 330 2643 444 2708; x_wconf 86' lang='lat' dir='ltr'>fecerat</span> <span class='ocrx_word' id='word_1_185' title='bbox 453 2665 463 2721; x_wconf 69' lang='grc' dir='ltr'>ς</span> <span class='ocrx_word' id='word_1_186' title='bbox 486 2645 541 2706; x_wconf 88' lang='lat' dir='ltr'>sed</span> <span class='ocrx_word' id='word_1_187' title='bbox 555 2649 582 2684; x_wconf 77' lang='lat'>³²</span> <span class='ocrx_word' id='word_1_188' title='bbox 592 2647 631 2708; x_wconf 87' lang='lat' dir='ltr'>nb</span> <span class='ocrx_word' id='word_1_189' title='bbox 641 2645 726 2727; x_wconf 88' lang='lat' dir='ltr'>justo</span> <span class='ocrx_word' id='word_1_190' title='bbox 745 2646 881 2708; x_wconf 82' lang='lat' dir='ltr'>exercitu</span> <span class='ocrx_word' id='word_1_191' title='bbox 891 2643 977 2726; x_wconf 87' lang='lat' dir='ltr'>justa</span> <span class='ocrx_word' id='word_1_192' title='bbox 1001 2645 1047 2706; x_wconf 85' lang='lat' dir='ltr'>ira</span> <span class='ocrx_word' id='word_1_193' title='bbox 1070 2644 1163 2723; x_wconf 80' lang='lat' dir='ltr'>iacta,</span> <span class='ocrx_word' id='word_1_194' title='bbox 1179 2645 1280 2726; x_wconf 85' lang='lat' dir='ltr'>spatio</span> <span class='ocrx_word' id='word_1_195' title='bbox 1295 2665 1372 2724; x_wconf 88' lang='lat' dir='ltr'>quo·</span> 
     </span>
     <span class='ocr_line' id='line_1_26' title="bbox 330 2728 1369 2815; baseline -0.002 -24"><span class='ocrx_word' id='word_1_196' title='bbox 330 2749 388 2810; x_wconf 85' lang='lat' dir='ltr'>que</span> <span class='ocrx_word' id='word_1_197' title='bbox 408 2731 554 2813; x_wconf 87' lang='lat' dir='ltr'>temporis</span> <span class='ocrx_word' id='word_1_198' title='bbox 577 2733 705 2814; x_wconf 79' lang='lat' dir='ltr'>gravior.</span> <span class='ocrx_word' id='word_1_199' title='bbox 749 2730 871 2815; x_wconf 90' lang='lat' dir='ltr'>Quippe</span> <span class='ocrx_word' id='word_1_200' title='bbox 886 2752 905 2793; x_wconf 87' lang='lat' dir='ltr'>n</span> <span class='ocrx_word' id='word_1_201' title='bbox 918 2728 1047 2808; x_wconf 88' lang='lat' dir='ltr'>Volscis,</span> <span class='ocrx_word' id='word_1_202' title='bbox 1062 2731 1250 2808; x_wconf 89' lang='lat' dir='ltr'>timentibus,</span> <span class='ocrx_word' id='word_1_203' title='bbox 1266 2749 1305 2790; x_wconf 86' lang='lat' dir='ltr'>ne</span> <span class='ocrx_word' id='word_1_204' title='bbox 1319 2730 1369 2790; x_wconf 87' lang='lat' dir='ltr'>in·</span> 
     </span>
     <span class='ocr_line' id='line_1_27' title="bbox 329 2817 1370 2896; baseline -0.001 -19"><span class='ocrx_word' id='word_1_205' title='bbox 329 2817 419 2878; x_wconf 81' lang='lat' dir='ltr'>terim</span> <span class='ocrx_word' id='word_1_206' title='bbox 445 2819 596 2880; x_wconf 82' lang='lat' dir='ltr'>exercitus</span> <span class='ocrx_word' id='word_1_207' title='bbox 623 2819 662 2880; x_wconf 91' lang='lat' dir='ltr'>ab</span> <span class='ocrx_word' id='word_1_208' title='bbox 689 2818 790 2880; x_wconf 83' lang='lat' dir='ltr'>Rome</span> <span class='ocrx_word' id='word_1_209' title='bbox 819 2819 928 2896; x_wconf 86' lang='lat' dir='ltr'>exiret,</span> <span class='ocrx_word' id='word_1_210' title='bbox 960 2817 1145 2880; x_wconf 89' lang='lat' dir='ltr'>incursiones</span> <span class='ocrx_word' id='word_1_211' title='bbox 1172 2817 1203 2877; x_wconf 95' lang='lat' dir='ltr'>in</span> <span class='ocrx_word' id='word_1_212' title='bbox 1229 2827 1370 2878; x_wconf 79' lang='lat' dir='ltr'>extrema</span> 
     </span>
     <span class='ocr_line' id='line_1_28' title="bbox 329 2901 1370 2968; baseline -0.001 -5"><span class='ocrx_word' id='word_1_213' title='bbox 329 2901 435 2964; x_wconf 85' lang='lat' dir='ltr'>finium</span> <span class='ocrx_word' id='word_1_214' title='bbox 460 2905 550 2966; x_wconf 82' lang='lat' dir='ltr'>lactas</span> <span class='ocrx_word' id='word_1_215' title='bbox 575 2916 682 2968; x_wconf 85' lang='lat' dir='ltr'>erant:</span> <span class='ocrx_word' id='word_1_216' title='bbox 707 2903 848 2968; x_wconf 87' lang='lat' dir='ltr'>Romano</span> <span class='ocrx_word' id='word_1_217' title='bbox 869 2903 1083 2965; x_wconf 71' lang='lat' dir='ltr'>contractioni</span> <span class='ocrx_word' id='word_1_218' title='bbox 1105 2903 1137 2963; x_wconf 89' lang='lat' dir='ltr'>in</span> <span class='ocrx_word' id='word_1_219' title='bbox 1159 2903 1279 2964; x_wconf 88' lang='lat' dir='ltr'>hostico</span> <span class='ocrx_word' id='word_1_220' title='bbox 1299 2920 1370 2962; x_wconf 87' lang='lat' dir='ltr'>mo-</span> 
     </span>
     <span class='ocr_line' id='line_1_29' title="bbox 330 2986 1371 3071; baseline 0.001 -22"><span class='ocrx_word' id='word_1_221' title='bbox 330 2989 416 3050; x_wconf 87' lang='lat' dir='ltr'>randi</span> <span class='ocrx_word' id='word_1_222' title='bbox 431 3010 540 3052; x_wconf 84' lang='lat' dir='ltr'>caussa</span> <span class='ocrx_word' id='word_1_223' title='bbox 553 3006 620 3055; x_wconf 89' lang='lat' dir='ltr'>erat</span> <span class='ocrx_word' id='word_1_224' title='bbox 628 3003 650 3071; x_wconf 89' lang='lat'>¹,</span> <span class='ocrx_word' id='word_1_225' title='bbox 666 3003 701 3054; x_wconf 89' lang='lat' dir='ltr'>ut</span> <span class='ocrx_word' id='word_1_226' title='bbox 712 2993 834 3056; x_wconf 89' lang='lat' dir='ltr'>hostem</span> <span class='ocrx_word' id='word_1_227' title='bbox 849 2992 889 3052; x_wconf 90' lang='lat' dir='ltr'>ad</span> <span class='ocrx_word' id='word_1_228' title='bbox 904 3001 1059 3052; x_wconf 77' lang='lat' dir='ltr'>certarnen</span> <span class='ocrx_word' id='word_1_229' title='bbox 1074 2988 1207 3050; x_wconf 75' lang='lat' dir='ltr'>eliceret.</span> <span class='ocrx_word' id='word_1_230' title='bbox 1250 2986 1371 3067; x_wconf 88' lang='lat' dir='ltr'>ltaque,</span> 
     </span>
     <span class='ocr_line' id='line_1_30' title="bbox 329 3073 1410 3161; baseline -0.005 -25"><span class='ocrx_word' id='word_1_231' title='bbox 329 3077 468 3139; x_wconf 87' lang='lat' dir='ltr'>omnibus</span> <span class='ocrx_word' id='word_1_232' title='bbox 491 3079 603 3161; x_wconf 84' lang='lat' dir='ltr'>passim</span> <span class='ocrx_word' id='word_1_233' title='bbox 627 3079 717 3141; x_wconf 89' lang='lat' dir='ltr'>tectis</span> <span class='ocrx_word' id='word_1_234' title='bbox 739 3098 893 3160; x_wconf 78' lang='lat' dir='ltr'>agrorum,</span> <span class='ocrx_word' id='word_1_235' title='bbox 914 3076 1048 3157; x_wconf 86' lang='lat' dir='ltr'>vicisque</span> <span class='ocrx_word' id='word_1_236' title='bbox 1071 3076 1164 3138; x_wconf 84' lang='lat' dir='ltr'>etism</span> <span class='ocrx_word' id='word_1_237' title='bbox 1190 3073 1372 3155; x_wconf 84' lang='lat' dir='ltr'>quibusdam</span> <span class='ocrx_word' id='word_1_238' title='bbox 1407 3126 1410 3130; x_wconf 73' lang='grc'><strong>,</strong></span> 
     </span>
     <span class='ocr_line' id='line_1_31' title="bbox 328 3161 1373 3248; baseline -0.004 -24"><span class='ocrx_word' id='word_1_239' title='bbox 328 3165 454 3242; x_wconf 82' lang='lat' dir='ltr'>exustis,</span> <span class='ocrx_word' id='word_1_240' title='bbox 469 3185 530 3228; x_wconf 89' lang='lat' dir='ltr'>non</span> <span class='ocrx_word' id='word_1_241' title='bbox 542 3167 649 3228; x_wconf 89' lang='lat' dir='ltr'>arbore</span> <span class='ocrx_word' id='word_1_242' title='bbox 664 3164 819 3248; x_wconf 81' lang='lat' dir='ltr'>frugifera,</span> <span class='ocrx_word' id='word_1_243' title='bbox 840 3185 903 3226; x_wconf 90' lang='lat' dir='ltr'>non</span> <span class='ocrx_word' id='word_1_244' title='bbox 918 3165 994 3224; x_wconf 85' lang='lat' dir='ltr'>entis</span> <span class='ocrx_word' id='word_1_245' title='bbox 1014 3163 1047 3223; x_wconf 88' lang='lat' dir='ltr'>in</span> <span class='ocrx_word' id='word_1_246' title='bbox 1073 3181 1160 3244; x_wconf 86' lang='lat' dir='ltr'>spera</span> <span class='ocrx_word' id='word_1_247' title='bbox 1179 3161 1302 3242; x_wconf 80' lang='lat' dir='ltr'>lrugurn</span> <span class='ocrx_word' id='word_1_248' title='bbox 1325 3179 1373 3220; x_wconf 84' lang='lat' dir='ltr'>re-</span> 
     </span>
     <span class='ocr_line' id='line_1_32' title="bbox 327 3247 1370 3332; baseline -0.002 -23"><span class='ocrx_word' id='word_1_249' title='bbox 327 3249 418 3329; x_wconf 84' lang='lat' dir='ltr'>lictis,</span> <span class='ocrx_word' id='word_1_250' title='bbox 440 3253 535 3330; x_wconf 89' lang='lat' dir='ltr'>omni,</span> <span class='ocrx_word' id='word_1_251' title='bbox 551 3271 616 3332; x_wconf 72' lang='lat' dir='ltr'>quae</span> <span class='ocrx_word' id='word_1_252' title='bbox 639 3263 727 3314; x_wconf 84' lang='lat' dir='ltr'>extra</span> <span class='ocrx_word' id='word_1_253' title='bbox 748 3250 864 3312; x_wconf 88' lang='lat' dir='ltr'>moenia</span> <span class='ocrx_word' id='word_1_254' title='bbox 884 3249 953 3326; x_wconf 78' lang='lat' dir='ltr'>fuit,</span> <span class='ocrx_word' id='word_1_255' title='bbox 976 3247 1136 3308; x_wconf 85' lang='lat' dir='ltr'>hominum</span> <span class='ocrx_word' id='word_1_256' title='bbox 1159 3247 1370 3332; x_wconf 79' lang='lat' dir='ltr'>pecudumque</span> 
     </span>
     <span class='ocr_line' id='line_1_33' title="bbox 328 3334 1189 3416; baseline -0.005 -18"><span class='ocrx_word' id='word_1_257' title='bbox 328 3337 430 3416; x_wconf 70' lang='lat' dir='ltr'>preda</span> <span class='ocrx_word' id='word_1_258' title='bbox 444 3339 564 3414; x_wconf 87' lang='lat' dir='ltr'>abacta,</span> <span class='ocrx_word' id='word_1_259' title='bbox 581 3337 713 3399; x_wconf 88' lang='lat' dir='ltr'>Romam</span> <span class='ocrx_word' id='word_1_260' title='bbox 727 3338 881 3415; x_wconf 88' lang='lat' dir='ltr'>utrimque</span> <span class='ocrx_word' id='word_1_261' title='bbox 895 3336 1048 3396; x_wconf 83' lang='lat' dir='ltr'>exereitus</span> <span class='ocrx_word' id='word_1_262' title='bbox 1061 3334 1189 3395; x_wconf 89' lang='lat' dir='ltr'>reducti.</span> 
     </span>
     <span class='ocr_line' id='line_1_34' title="bbox 370 3418 1372 3501; baseline -0.003 -18"><span class='ocrx_word' id='word_1_263' title='bbox 370 3421 505 3483; x_wconf 86' lang='lat' dir='ltr'>XXXll.</span> <span class='ocrx_word' id='word_1_264' title='bbox 539 3421 634 3485; x_wconf 82' lang='lat' dir='ltr'>Parvo</span> <span class='ocrx_word' id='word_1_265' title='bbox 673 3422 831 3485; x_wconf 77' lang='lat' dir='ltr'>intervallo</span> <span class='ocrx_word' id='word_1_266' title='bbox 870 3420 910 3482; x_wconf 89' lang='lat' dir='ltr'>ad</span> <span class='ocrx_word' id='word_1_267' title='bbox 941 3419 1152 3501; x_wconf 84' lang='lat' dir='ltr'>respirandum</span> <span class='ocrx_word' id='word_1_268' title='bbox 1181 3418 1372 3481; x_wconf 86' lang='lat' dir='ltr'>debitoribus</span> 
     </span>
     <span class='ocr_line' id='line_1_35' title="bbox 328 3504 1396 3589; baseline -0.004 -21"><span class='ocrx_word' id='word_1_269' title='bbox 328 3507 412 3582; x_wconf 83' lang='lat' dir='ltr'>dato,</span> <span class='ocrx_word' id='word_1_270' title='bbox 434 3519 596 3588; x_wconf 81' lang='lat' dir='ltr'>postquam</span> <span class='ocrx_word' id='word_1_271' title='bbox 621 3509 729 3589; x_wconf 87' lang='lat' dir='ltr'>quietae</span> <span class='ocrx_word' id='word_1_272' title='bbox 744 3531 792 3572; x_wconf 88' lang='lat' dir='ltr'>res</span> <span class='ocrx_word' id='word_1_273' title='bbox 808 3509 847 3569; x_wconf 87' lang='lat' dir='ltr'>ab</span> <span class='ocrx_word' id='word_1_274' title='bbox 862 3507 1002 3568; x_wconf 86' lang='lat' dir='ltr'>hostibus</span> <span class='ocrx_word' id='word_1_275' title='bbox 1018 3517 1115 3584; x_wconf 86' lang='lat' dir='ltr'>erant,</span> <span class='ocrx_word' id='word_1_276' title='bbox 1131 3508 1158 3544; x_wconf 80' lang='lat'>³⁸</span> <span class='ocrx_word' id='word_1_277' title='bbox 1170 3505 1316 3568; x_wconf 88' lang='lat' dir='ltr'>celebrari</span> <span class='ocrx_word' id='word_1_278' title='bbox 1331 3504 1370 3564; x_wconf 89' lang='lat' dir='ltr'>de</span> <span class='ocrx_word' id='word_1_279' title='bbox 1393 3585 1396 3589; x_wconf 20' lang='grc' dir='ltr'><strong><em>Ι</em></strong></span> 
     </span>
     <span class='ocr_line' id='line_1_36' title="bbox 327 3589 1370 3674; baseline -0.002 -23"><span class='ocrx_word' id='word_1_280' title='bbox 327 3592 448 3674; x_wconf 85' lang='lat' dir='ltr'>integro</span> <span class='ocrx_word' id='word_1_281' title='bbox 474 3591 668 3673; x_wconf 82' lang='lat' dir='ltr'>jurisdicti03</span> <span class='ocrx_word' id='word_1_282' title='bbox 704 3606 736 3656; x_wconf 89' lang='lat' dir='ltr'>et</span> <span class='ocrx_word' id='word_1_283' title='bbox 758 3605 877 3655; x_wconf 87' lang='lat' dir='ltr'>tantum</span> <span class='ocrx_word' id='word_1_284' title='bbox 901 3593 1007 3654; x_wconf 84' lang='lat' dir='ltr'>abesse</span> <span class='ocrx_word' id='word_1_285' title='bbox 1029 3613 1098 3674; x_wconf 85' lang='lat' dir='ltr'>spes</span> <span class='ocrx_word' id='word_1_286' title='bbox 1118 3593 1231 3654; x_wconf 83' lang='lat' dir='ltr'>veteris</span> <span class='ocrx_word' id='word_1_287' title='bbox 1252 3589 1370 3652; x_wconf 89' lang='lat' dir='ltr'>levandi</span> 
     </span>
     <span class='ocr_line' id='line_1_37' title="bbox 326 3677 1370 3758; baseline -0.002 -20"><span class='ocrx_word' id='word_1_288' title='bbox 326 3677 461 3758; x_wconf 84' lang='lat' dir='ltr'>fosnor-is,</span> <span class='ocrx_word' id='word_1_289' title='bbox 484 3690 519 3745; x_wconf 88' lang='lat' dir='ltr'>ut</span> <span class='ocrx_word' id='word_1_290' title='bbox 544 3680 658 3742; x_wconf 91' lang='lat' dir='ltr'>tributo</span> <span class='ocrx_word' id='word_1_291' title='bbox 681 3701 792 3743; x_wconf 88' lang='lat' dir='ltr'>novum</span> <span class='ocrx_word' id='word_1_292' title='bbox 816 3680 914 3742; x_wconf 82' lang='lat' dir='ltr'>foenus</span> <span class='ocrx_word' id='word_1_293' title='bbox 936 3679 1167 3742; x_wconf 84' lang='lat' dir='ltr'>contraheretur</span> <span class='ocrx_word' id='word_1_294' title='bbox 1185 3679 1218 3738; x_wconf 93' lang='lat' dir='ltr'>in</span> <span class='ocrx_word' id='word_1_295' title='bbox 1239 3695 1370 3754; x_wconf 88' lang='lat' dir='ltr'>murum,</span> 
     </span>
     <span class='ocr_line' id='line_1_38' title="bbox 326 3764 1368 3847; baseline 0 -21"><span class='ocrx_word' id='word_1_296' title='bbox 326 3786 345 3826; x_wconf 90' lang='lat' dir='ltr'>a</span> <span class='ocrx_word' id='word_1_297' title='bbox 370 3767 545 3829; x_wconf 87' lang='lat' dir='ltr'>censoribus</span> <span class='ocrx_word' id='word_1_298' title='bbox 583 3766 718 3830; x_wconf 84' lang='lat' dir='ltr'>locatum</span> <span class='ocrx_word' id='word_1_299' title='bbox 748 3789 823 3833; x_wconf 80' lang='lat' dir='ltr'>saxo</span> <span class='ocrx_word' id='word_1_300' title='bbox 846 3765 996 3847; x_wconf 77' lang='lat' dir='ltr'>quadrato</span> <span class='ocrx_word' id='word_1_301' title='bbox 1018 3764 1207 3843; x_wconf 78' lang='lat' dir='ltr'>faciundum,</span> <span class='ocrx_word' id='word_1_302' title='bbox 1229 3764 1278 3827; x_wconf 90' lang='lat' dir='ltr'>cui</span> <span class='ocrx_word' id='word_1_303' title='bbox 1300 3781 1368 3826; x_wconf 84' lang='lat' dir='ltr'>snc-</span> 
     </span>
    </p>
   </div>
   <div class='ocr_carea' id='block_1_3' title="bbox 325 3849 1371 4058">
    <p class='ocr_par' dir='ltr' id='par_1_3' title="bbox 325 3849 1371 4058">
     <span class='ocr_line' id='line_1_39' title="bbox 325 3849 1371 3937; baseline -0.004 -21"><span class='ocrx_word' id='word_1_304' title='bbox 325 3855 467 3920; x_wconf 81' lang='lat' dir='ltr'>cumbere</span> <span class='ocrx_word' id='word_1_305' title='bbox 489 3853 575 3922; x_wconf 83' lang='lat' dir='ltr'>oneri</span> <span class='ocrx_word' id='word_1_306' title='bbox 590 3866 697 3922; x_wconf 79' lang='lat' dir='ltr'>coacta</span> <span class='ocrx_word' id='word_1_307' title='bbox 710 3853 840 3937; x_wconf 73' lang='lat' dir='ltr'>plebes,</span> <span class='ocrx_word' id='word_1_308' title='bbox 878 3852 961 3935; x_wconf 91' lang='lat' dir='ltr'>quia,</span> <span class='ocrx_word' id='word_1_309' title='bbox 975 3872 1068 3934; x_wconf 89' lang='lat' dir='ltr'>quem</span> <span class='ocrx_word' id='word_1_310' title='bbox 1081 3851 1236 3917; x_wconf 84' lang='lat' dir='ltr'>delectum</span> <span class='ocrx_word' id='word_1_311' title='bbox 1249 3849 1371 3937; x_wconf 85' lang='lat' dir='ltr'>inpedi-</span> 
     </span>
     <span class='ocr_line' id='line_1_40' title="bbox 485 4000 1202 4058; baseline -0.014 1"><span class='ocrx_word' id='word_1_312' title='bbox 485 4005 656 4058; x_wconf 71' lang='lat' dir='ltr'>lslianner.</span> <span class='ocrx_word' id='word_1_313' title='bbox 880 4000 1202 4052; x_wconf 67' lang='lat' dir='ltr'>&#39;mmi&#39;mmcmm</span> 
     </span>
    </p>
   </div>
   <div class='ocr_carea' id='block_1_4' title="bbox 324 4129 1375 4527">
    <p class='ocr_par' dir='ltr' id='par_1_4' title="bbox 324 4129 1375 4527">
     <span class='ocr_line' id='line_1_41' title="bbox 356 4129 1304 4204; baseline -0.008 -17"><span class='ocrx_word' id='word_1_314' title='bbox 356 4134 380 4170; x_wconf 75' lang='lat'>³⁰</span> <span class='ocrx_word' id='word_1_315' title='bbox 406 4135 498 4204; x_wconf 74' lang='lat' dir='ltr'>Sation]</span> <span class='ocrx_word' id='word_1_316' title='bbox 531 4139 585 4190; x_wconf 82' lang='lat' dir='ltr'>linc</span> <span class='ocrx_word' id='word_1_317' title='bbox 612 4137 704 4199; x_wconf 72' lang='lat' dir='ltr'>sigonio</span> <span class='ocrx_word' id='word_1_318' title='bbox 725 4134 833 4185; x_wconf 83' lang='lat' dir='ltr'>debetur.</span> <span class='ocrx_word' id='word_1_319' title='bbox 865 4133 958 4182; x_wconf 78' lang='lat' dir='ltr'>Velleio</span> <span class='ocrx_word' id='word_1_320' title='bbox 967 4135 1011 4182; x_wconf 82' lang='lat' dir='ltr'>sub</span> <span class='ocrx_word' id='word_1_321' title='bbox 1020 4135 1092 4184; x_wconf 73' lang='lat' dir='ltr'>finem</span> <span class='ocrx_word' id='word_1_322' title='bbox 1101 4133 1141 4183; x_wconf 79' lang='lat' dir='ltr'>lib.</span> <span class='ocrx_word' id='word_1_323' title='bbox 1154 4147 1172 4184; x_wconf 84' lang='grc' dir='ltr'>ι.</span> <span class='ocrx_word' id='word_1_324' title='bbox 1182 4129 1304 4198; x_wconf 69' lang='lat' dir='ltr'>collghun</span> 
     </span>
     <span class='ocr_line' id='line_1_42' title="bbox 325 4191 1370 4262; baseline -0.01 -12"><span class='ocrx_word' id='word_1_325' title='bbox 325 4196 403 4250; x_wconf 72' lang='lat' dir='ltr'>Aue·</span> <span class='ocrx_word' id='word_1_326' title='bbox 420 4205 495 4254; x_wconf 73' lang='lat' dir='ltr'>etiem.</span> <span class='ocrx_word' id='word_1_327' title='bbox 527 4203 660 4254; x_wconf 72' lang='lat' dir='ltr'>&#39;l&#39;huannun</span> <span class='ocrx_word' id='word_1_328' title='bbox 674 4202 834 4252; x_wconf 75' lang='lat' dir='ltr'>endexurm</span> <span class='ocrx_word' id='word_1_329' title='bbox 896 4197 1059 4262; x_wconf 53' lang='grc' dir='ltr'>*Νόμα</span> <span class='ocrx_word' id='word_1_330' title='bbox 1068 4200 1241 4262; x_wconf 54' lang='lat' dir='ltr'>mytra</span> <span class='ocrx_word' id='word_1_331' title='bbox 1250 4195 1299 4259; x_wconf 78' lang='lat' dir='ltr'>tro]</span> <span class='ocrx_word' id='word_1_332' title='bbox 1313 4191 1370 4241; x_wconf 69' lang='lat' dir='ltr'>w.</span> 
     </span>
     <span class='ocr_line' id='line_1_43' title="bbox 325 4263 1290 4340; baseline 0.003 -31"><span class='ocrx_word' id='word_1_333' title='bbox 325 4263 446 4325; x_wconf 68' lang='lat' dir='ltr'>vestgium</span> <span class='ocrx_word' id='word_1_334' title='bbox 473 4267 546 4318; x_wconf 71' lang='lat' dir='ltr'>literne</span> <span class='ocrx_word' id='word_1_335' title='bbox 574 4269 591 4316; x_wconf 78' lang='lat' dir='ltr'><em>S</em></span> <span class='ocrx_word' id='word_1_336' title='bbox 613 4279 667 4317; x_wconf 80' lang='lat' dir='ltr'>ente</span> <span class='ocrx_word' id='word_1_337' title='bbox 690 4270 767 4328; x_wconf 67' lang='lat' dir='ltr'>edm,</span> <span class='ocrx_word' id='word_1_338' title='bbox 793 4268 835 4316; x_wconf 81' lang='lat' dir='ltr'>ssd</span> <span class='ocrx_word' id='word_1_339' title='bbox 865 4267 1171 4329; x_wconf 53' lang='lat' dir='ltr'>eadwold-supra.</span> <span class='ocrx_word' id='word_1_340' title='bbox 1253 4327 1259 4339; x_wconf 27' lang='grc' dir='ltr'><strong><em>ι</em></strong></span> <span class='ocrx_word' id='word_1_341' title='bbox 1284 4327 1290 4340; x_wconf 39' lang='lat'><strong>¹</strong></span> 
     </span>
     <span class='ocr_line' id='line_1_44' title="bbox 324 4323 1375 4462; baseline -0.006 -15"><span class='ocrx_word' id='word_1_342' title='bbox 324 4331 753 4460; x_wconf 54' lang='lat' dir='ltr'>mem</span> <span class='ocrx_word' id='word_1_343' title='bbox 770 4396 836 4448; x_wconf 59' lang='lat' dir='ltr'>n</span> <span class='ocrx_word' id='word_1_344' title='bbox 866 4329 956 4447; x_wconf 72' lang='lat' dir='ltr'>..tt</span> <span class='ocrx_word' id='word_1_345' title='bbox 971 4323 1375 4462; x_wconf 50' lang='lat' dir='ltr'>screws:</span> 
     </span>
     <span class='ocr_line' id='line_1_45' title="bbox 327 4450 1046 4527; baseline 0.004 -17"><span class='ocrx_word' id='word_1_346' title='bbox 327 4453 420 4512; x_wconf 69' lang='lat' dir='ltr'>intem</span> <span class='ocrx_word' id='word_1_347' title='bbox 440 4468 521 4524; x_wconf 75' lang='lat' dir='ltr'>queste</span> <span class='ocrx_word' id='word_1_348' title='bbox 545 4473 600 4514; x_wconf 80' lang='lat' dir='ltr'>ente</span> <span class='ocrx_word' id='word_1_349' title='bbox 626 4477 697 4524; x_wconf 77' lang='lat' dir='ltr'>enne,</span> <span class='ocrx_word' id='word_1_350' title='bbox 723 4463 784 4527; x_wconf 82' lang='lat' dir='ltr'>quod</span> <span class='ocrx_word' id='word_1_351' title='bbox 804 4477 837 4516; x_wconf 74' lang='lat' dir='ltr'>en</span> <span class='ocrx_word' id='word_1_352' title='bbox 865 4461 905 4514; x_wconf 80' lang='lat' dir='ltr'>tis.</span> <span class='ocrx_word' id='word_1_353' title='bbox 1042 4450 1046 4459; x_wconf 52' lang='lat'><strong><em>⁴</em></strong></span> 
     </span>
    </p>
   </div>
   <div class='ocr_carea' id='block_1_5' title="bbox 0 0 1592 5200">
    <p class='ocr_par' dir='ltr' id='par_1_5' title="bbox 0 0 1592 5200">
     <span class='ocr_line' id='line_1_46' title="bbox 0 0 1592 5200; baseline 0 4"><span class='ocrx_word' id='word_1_354' title='bbox 0 0 1592 5200; x_wconf 95' lang='lat' dir='ltr'> </span> 
     </span>
    </p>
   </div>
  </div>
 </body>
</html>
