3175 5200
373 387 461 432 xxx„
645 333 910 425 *ruofflmmr
930 358 986 420 ua
1006 359 1106 419 nvn

374 523 465 597 dans
490 531 528 596 et
544 520 752 595 Asiaticum
775 515 924 590 dicendi
945 539 1064 612 genus
1091 539 1158 589 seu
1176 512 1350 610 frigidam
1378 521 1420 586 et

375 624 561 698 elumbem
590 619 853 718 prolixitatem,
885 641 908 690 a
931 617 1103 688 Romana
1126 613 1298 688 virilitate
1328 613 1419 685 alie-

374 745 475 810 nam,
487 723 517 769 48
533 720 594 793 alii
611 717 721 792 aliud.
774 714 849 790 Sed
863 737 910 787 ex
926 714 1019 788 locis
1037 715 1144 788 class.
1157 713 1315 805 Quintil.
1330 715 1362 793 l,
1378 717 1416 800 5,

375 824 435 894 65.
463 829 501 894 et
518 821 553 906 8,
574 821 608 908 l,
625 821 662 890 3.
678 814 878 888 manifesto
903 813 1067 910 adparet,
1085 810 1285 904 significari
1309 835 1417 906 pere·

374 920 589 1016 ‘grinitatem
614 915 775 1012 aliquam
799 914 840 986 in
865 937 938 987 usu
962 937 1100 987 vocum
1115 911 1297 984 Romanis
1315 910 1418 982 inso-

374 1017 529 1092 lentium
547 1016 666 1088 aliove
692 1037 804 1087 sensu
822 1023 1025 1110 captarum.
1091 1009 1203 1102 Quod
1220 1017 1348 1084 tamen
1360 1010 1417 1082 vi-

373 1117 482 1205 tium,
514 1114 545 1188 si
574 1113 679 1188 Livio
707 1111 790 1202 fuit,
819 1111 872 1184 ita
895 1113 1000 1201 latet,
1025 1120 1069 1186 ut
1093 1133 1116 1182 a
1138 1108 1248 1183 nobis
1281 1109 1416 1181 saltem

372 1211 495 1288 hodie
508 1223 548 1287 et
563 1213 603 1286 in
619 1213 677 1298 iis,
694 1210 758 1308 qui
776 1221 987 1308 supersunt,
1005 1210 1108 1284 libris
1126 1210 1207 1309 ejus
1224 1206 1288 1281 vix
1304 1231 1348 1282 ac
1364 1231 1414 1282 ne

373 1315 435 1388 vix
453 1311 605 1410 quidem
622 1308 850 1407 deprehendi
867 1310 996 1406 possit.
1006 1312 1037 1360 ⁴⁹

373 1453 375 1458 .
424 1413 546 1509 Hujus
564 1410 713 1507 generis
730 1408 920 1506 judicibus
937 1410 1065 1484 nescio
1082 1435 1132 1484 an
1148 1409 1416 1484 adnumerandi

374 1512 460 1600 sint,
488 1510 551 1608 qui
576 1509 685 1583 valde
711 1508 956 1606 inprobarunt
980 1508 1218 1606 frequentem
1247 1511 1352 1582 illam
1377 1518 1417 1583 et

373 1611 588 1685 adcuratam
600 1608 856 1706 prodigiorum
867 1615 1203 1705 portentorumque
1220 1632 1416 1682 enumera·

373 1711 528 1799 tionem,
555 1731 628 1804 qua
653 1707 839 1806 sapienter
867 1707 1090 1781 abstinuisse
1115 1708 1313 1806 Polybium
1332 1711 1417 1805 jam

373 1809 515 1906 Xiphil.
536 1807 592 1903 (in
617 1806 718 1904 Aug.
737 1831 773 1904 p.
799 1808 860 1879 41.
884 1807 946 1879 ed.
975 1807 1025 1878 H.
1052 1805 1197 1903 steph.)
1221 1806 1416 1904 judicavit,

374 1933 533 2004 quaeque
558 1907 746 2004 praecipua
771 1904 935 1978 creditur
961 1929 1073 1979 causa
1091 1905 1218 1995 fuisse,
1236 1929 1304 1979 cur
1320 1907 1417 1980 Gre-

372 2008 498 2104 gorius
527 2007 596 2092 M,
628 2003 877 2103 propagandae
909 2003 1102 2098 religionis
1131 2003 1361 2095 Christianae}
1378 2015 1419 2080 et

373 2104 648 2202 superstitionis
665 2104 842 2177 tollendae
861 2102 1164 2190 studiosissimae,
1181 2127 1226 2176 ex
1241 2104 1416 2178 omnibus

374 2204 608 2279 bibliothecis
634 2203 807 2276 historias
834 2201 926 2276 Livii
958 2202 1142 2275 curaverit
1174 2203 1416 2277 amovendas.

374 2303 640 2378 Fastidiremus
659 2303 787 2398 utique
804 2302 894 2374 talia
917 2301 1042 2398 legere
1068 2302 1109 2373 in
1126 2299 1312 2374 historicis
1329 2325 1418 2374 nos-

374 2403 423 2475 tri
440 2401 521 2488 revi,
539 2425 614 2494 quo
636 2399 871 2495 philosophia
897 2408 937 2472 et
961 2399 1124 2472 maxime
1142 2399 1294 2496 physica
1310 2425 1418 2474 veras

375 2523 502 2573 rerum
526 2497 753 2570 naturalium
779 2520 908 2569 causas
933 2497 1159 2592 investigare
1183 2521 1253 2569 nos
1279 2498 1417 2591 docuit,
1479 2511 1484 2524 “

376 2610 415 2673 et
432 2596 540 2694 hujus
560 2595 708 2692 generis
735 2619 877 2669 errores
903 2594 1044 2669 exemit
1059 2595 1253 2670 hominum
1271 2597 1416 2673 animis.

375 2697 544 2771 ¹Sed-non
569 2702 637 2784 est,
654 2694 757 2790 quod
773 2694 865 2767 vitio
891 2704 1083 2769 vertantur
1107 2697 1269 2793 antiquis
1293 2722 1419 2771 rerum

375 2797 628 2869 Romanarum
655 2792 892 2867 auctoribus:
945 2796 1045 2867 Nam
1062 2793 1100 2866 hi
1126 2802 1166 2867 et
1181 2797 1329 2892 placere
1355 2821 1419 2870 cu-

375 2895 529 2993 piebant
545 2893 782 2991 popularibus
808 2894 896 2979 suis,
914 2893 979 2988 qui
996 2916 1129 2966 omnes
1150 2893 1244 2967 iram
1262 2894 1418 2969 deorum

375 2992 552 3091 prodigiis
578 2991 751 3088 portendi
768 2992 998 3089 piaculisque
1023 3000 1062 3065 et
1084 2993 1418 3090 supplicationibus

376 3092 615 3167 avertendam
649 3114 731 3165 esse
764 3093 958 3187 putabant,
994 3090 1146 3188 (quibus
1180 3092 1418 3189 opinionibus

377 3194 489 3269 etiam
508 3189 802 3290 sapientissimos
819 3189 931 3263 fuisse
947 3191 1112 3279 inbutos,
1129 3192 1190 3264 vel
1207 3216 1254 3266 ex
1267 3189 1419 3266 Cicero·

376 3294 434 3367 nis
449 3292 496 3366 de
510 3290 736 3365 divinatione
751 3288 857 3363 libris
873 3289 1109 3387 intelligitur)
1123 3298 1162 3363 et
1174 3292 1420 3365 movebantur

375 3400 459 3462 tum
472 3392 654 3485 gravitate
666 3390 799 3461 harum
816 3390 1133 3486 superstitionum,
1145 3413 1228 3484 quae
1244 3412 1420 3485 magnam

287 3496 291 3505 '
377 3486 455 3559 vim
471 3487 660 3560 habebant
677 3487 716 3558 in
733 3487 887 3560 consilia
902 3488 1050 3584 publica
1065 3510 1266 3583 rerumque
1284 3512 1419 3585 geren-

379 3585 510 3658 darum
528 3592 718 3674 eventum,
736 3592 820 3657 tum
846 3587 1066 3660 auctoritate
1091 3586 1321 3683 antiquitatis
1337 3611 1420 3660 mo-

378 3684 707 3777 nimentorumque
736 3694 916 3771 veterum,
950 3684 1131 3779 equibus
1164 3694 1312 3760 tantum
1340 3711 1420 3760 non

379 3783 507 3859 omnia
521 3781 751 3871 hauriebant,
768 3783 807 3855 in
823 3780 954 3879 primis
975 3781 1155 3857 fastorum
1172 3793 1211 3858 et
1227 3787 1418 3859 annalium

378 3882 613 3983 pontificum,
624 3882 663 3955 in
673 3882 808 3977 quibus
817 3879 985 3979 prodigia
998 3906 1085 3957 cum
1095 3884 1418 3982 procurationibus
1494 3928 1499 3936 ·

598 4078 605 4101 Ι

412 4138 672 4189 amurumperire
690 4141 718 4188 de
731 4138 831 4188 Peterin.
845 4138 884 4187 Li·
907 4141 977 4190 'Plin
987 4142 1031 4205 Ep.
1044 4142 1067 4199 l,
1079 4144 1115 4191 14.

380 4204 411 4251 vii
433 4204 466 4251 irs
483 4204 574 4262 festive,
597 4206 651 4254 lieet
673 4205 778 4266 maligne,
802 4205 885 4253 dictem
948 4208 971 4242 *θ
986 4206 1047 4255 Her
1066 4219 1090 4254 et
1108 4206 1218 4257 hlorholii
1239 4209 1423 4269 sententiatum

381 4268 498 4324 censebat,
522 4269 557 4317 uia
569 4270 726 4320 Patavinorum
738 4271 844 4318 mulieres
861 4271 886 4319 in
917 4272 955 4335 qui
974 4271 1024 4319 illas
1039 4273 1137 4336 eliasque
1151 4277 1295 4341 conjectum
1304 4277 1364 4327 bene
1379 4291 1420 4325 re-

380 4334 498 4383 Veuercm
506 4285 637 4393 lrigidiorer
647 4350 671 4385 et
686 4352 773 4385 severas
785 4336 885 4385 meritus
916 4336 999 4387 tuterit
1007 4336 1025 4387 l.
1035 4337 1051 4390 l.

381 4400 450 4448 suine
462 4411 598 4461 cognoverat
616 4416 645 4450 ex
663 4400 762 4451 annin.
774 4404 798 4459 t,
811 4402 885 4453 treet
