3175 5200
292 548 348 598 353.

206 546 240 593 U.
250 545 279 593 C.

205 612 277 661 ΜΣ.

369 386 429 441 ³00
776 374 860 437 ΤΙΤῙ
879 374 979 436 t1v11
1020 467 1025 473 .

371 545 463 598 antea
476 534 701 611 inmiscuerant,
721 552 775 615 per
802 534 918 615 legatos
932 532 1011 594 ultro
1035 534 1171 619 cinoque
1194 537 1305 600 missos
1323 535 1409 619 jure-

287 614 343 661 399.
365 621 499 703 jurando
523 622 601 683 inter
622 642 654 681 se
678 619 818 701 obligati,
850 640 921 680 cum
953 621 1135 684 exercitibus
1156 624 1344 705 necopinato
1368 627 1408 686 ad

369 705 462 770 Veios
488 726 651 769 accessere.
690 704 779 767 Forte
800 726 838 767 ea
858 697 992 787 regione,
1012 728 1073 787 qua
1095 706 1154 770 Μ’.
1170 707 1295 790 Sergius
1311 711 1407 772 tribu-

370 814 425 855 nus
438 793 567 855 militum
589 796 725 875 praeerat,
741 802 843 854 castra
863 792 960 853 adorti
976 803 1059 871 sunt,
1081 793 1298 877 ingentemque
1314 807 1410 859 terro-

370 901 433 941 rem
454 879 601 955 intulere3
618 879 688 960 quia
704 876 857 940 Etruriam
872 898 994 939 omnem
1009 880 1142 941 excitam
1157 881 1279 943 sedibus
1296 902 1409 965 magna

369 965 449 1027 mole
469 965 576 1027 adesse
590 963 719 1027 Romani
747 963 948 1026 crediderant.
968 965 1076 1026 eadem
1092 966 1197 1048 opinio
1215 964 1360 1030 Veientes
1376 969 1407 1030 in

369 1052 442 1112 urbe
468 1051 642 1117 concitavit.
686 1048 735 1111 lta
764 1051 888 1132 ancipiti
910 1048 1018 1133 proelio
1047 1064 1150 1113 castra
1171 1051 1328 1132 Romana‘
1351 1056 1408 1116 ob-

367 1138 598 1219 pugnabantur3
625 1146 907 1217 concursantesque,
929 1155 1023 1216 quum
1043 1138 1103 1199 huc
1128 1149 1221 1219 atque
1234 1140 1303 1201 illuc
1316 1141 1407 1221 signa

369 1223 576 1300 transferrent,
599 1244 655 1283 nec
670 1219 832 1286 Veientem
845 1222 919 1283 satis
934 1222 1076 1284 cohibere
1101 1223 1183 1285 intra
1208 1226 1402 1304 munitiones,

369 1329 425 1371 nec
440 1309 501 1371 suis
514 1310 707 1371 munimentis
728 1329 831 1370 arcere
844 1308 917 1385 vim,
930 1329 966 1370 ac
981 1310 1059 1370 tueri
1073 1330 1107 1371 se
1122 1310 1160 1371 ab
1171 1312 1319 1373 exteriore
1333 1324 1406 1393 pot·

369 1407 457 1457 erant
477 1395 575 1457 hoste.
594 1415 655 1456 una
677 1416 745 1477 spes
763 1405 838 1473 erat,
861 1395 886 1455 si
901 1415 940 1455 ex
965 1394 1130 1475 majoribus
1145 1398 1254 1459 castris
1268 1398 1409 1459 subveni·

368 1492 461 1559 retur,
476 1492 511 1542 ut
525 1480 647 1543 diversae
668 1479 812 1563 legiones,
841 1480 907 1541 alia
926 1480 1066 1543 adversus
1081 1480 1272 1564 Capenatem
1295 1504 1331 1545 ac
1349 1482 1410 1545 Fa-

369 1566 487 1644 liscum,
514 1566 580 1627 aliae
603 1577 710 1628 contra
743 1566 932 1649 eruptionem
968 1567 1188 1649 oppidanorum
1225 1577 1411 1651 pugnarent.

370 1649 431 1712 Sed
466 1653 573 1714 castris
609 1662 736 1735 praeerat
769 1650 934 1733 Virginius,
972 1654 1111 1734 privatim
1152 1652 1260 1735 Sergio
1294 1655 1411 1715 invisus

369 1736 564 1817 infestusque.
588 1739 624 1815 is,
640 1758 731 1819 quum
746 1738 888 1821 pleraque
904 1739 1028 1800 castella
1040 1741 1225 1820 obpugnata,
1247 1752 1408 1823 superatae

370 1824 565 1901 munitiones,
591 1824 741 1906 utrimque
767 1825 868 1885 invehi
891 1826 1011 1886 hostem
1031 1825 1231 1901 nunciaretur,
1256 1826 1288 1886 in
1312 1825 1407 1885 armis

370 1908 481 1971 milites
507 1910 624 1971 tenuit:
647 1910 672 1971 si
695 1930 769 1993 opus
792 1909 870 1972 foret
895 1910 1016 1988 auxilio,
1029 1909 1174 1991 collegam
1191 1910 1338 1972 dictitans
1365 1911 1408 1971 ad

370 2014 402 2055 se
423 1995 594 2058 missurum.
639 1993 737 2078 Hujus
758 1996 970 2078 adrogantiam
986 1998 1150 2079 pertinacia
1164 1996 1288 2058 alterius
1302 2015 1406 2077 aqua·

369 2081 442 2158 bat3
467 2081 528 2162 qui,
549 2102 587 2141 ne
603 2101 693 2162 quam
708 2104 800 2164 opem
815 2083 855 2143 ab
877 2083 1002 2143 inimico
1019 2083 1166 2143 videretur
1180 2083 1305 2163 petisse,
1324 2082 1407 2143 vinci

370 2166 409 2227 ab
422 2167 519 2244 hoste,
543 2187 633 2248 quarn
661 2170 781 2231 vincere
808 2188 863 2249 per
886 2168 993 2245 civem,
1021 2168 1138 2230 maluit.
1167 2166 1231 2228 Diu
1250 2168 1282 2229 in
1304 2167 1409 2229 medio

371 2253 439 2315 caesi
461 2253 593 2332 militcs3
608 2266 784 2337 postremo,
808 2253 934 2315 desertis
950 2254 1185 2330 munitionibus,
1207 2253 1353 2336 perpauci
1380 2254 1414 2315 in

373 2337 492 2419 majora
520 2350 629 2418 castra,
654 2362 723 2422 pars
750 2341 886 2402 maxima
914 2352 1004 2421 atque
1028 2341 1092 2422 ipse
1118 2336 1244 2419 Sergius
1280 2338 1414 2402 Romam

374 2426 602 2505 pertenderunt.
625 2427 677 2487 ubi
693 2447 785 2506 quum
810 2447 932 2488 omnem
948 2427 1069 2508 culpam
1093 2427 1129 2496 in⁸
1149 2425 1301 2507 collegam
1324 2426 1413 2487 incli-

371 2521 467 2587 naret,
491 2508 768 2591 adciriVirginium
798 2533 838 2573 ex
862 2513 980 2590 castris,
1005 2512 1120 2573 interea
1146 2532 1274 2592 praesse
1294 2513 1413 2593 legatos

269 2657 272 2664 ,
372 2595 495 2676 placuit
536 2596 617 2658 Acta
638 2598 749 2660 deinde
777 2599 809 2658 in
828 2612 935 2661 senatu
955 2621 1002 2660 res
1026 2609 1083 2677 est,
1098 2610 1308 2680 certatumque
1335 2598 1414 2661 inter

204 2861 246 2911 Tr.
258 2863 309 2911 Mn.
319 2881 359 2913 an.

204 2939 229 2975 te
240 2938 329 2992 tempus

205 3009 229 3040 se
241 2994 344 3042 abdicare

204 3071 322 3120 coguntur.

373 2680 505 2760 collegas
536 2683 716 2745 maledictis.
738 2687 765 2724 ²⁶
778 2686 867 2764 pauci
897 2686 1078 2767 reipublice,
1119 2685 1191 2760 lruic
1224 2697 1314 2766 atque
1355 2686 1412 2762 illi,

373 2778 407 2827 ut
418 2785 553 2846 quosque
564 2768 695 2830 studium
711 2768 850 2850 privatim
866 2783 918 2831 aut
931 2773 1030 2852 gratia
1046 2783 1275 2852 occupaverunt,
1287 2771 1410 2832 adsunt.

389 2905 391 2910 .
417 2849 472 2912 IX.
499 2851 647 2914 Primores
664 2853 795 2932 Petrum,
805 2857 877 2917 sive
892 2859 983 2939 culpa
998 2858 1058 2918 sive
1084 2858 1259 2918 infelicitate
1275 2857 1408 2938 impera-

373 2947 471 2998 torum
486 2949 548 3000 tarn
564 2940 766 3020 ignominiosa
781 2942 884 3004 clades
896 2955 1022 3025 accepta
1040 2954 1131 3022 esset,
1143 2963 1293 3021 censuere,
1307 2945 1317 2974 ‘
1333 2941 1409 3004 Non

373 3023 384 3056 ‘
399 3027 637 3106 exspectandum
649 3025 765 3108 justum
776 3039 897 3110 tempus
907 3031 1111 3108 comitiorum,
1123 3030 1177 3090 'sed
1189 3030 1343 3110 extemplo
1353 3049 1411 3089 no-

373 3111 383 3143 ‘
397 3133 449 3173 vos
454 3112 589 3173 tribunos
602 3114 732 3175 militum
744 3116 891 3197 creandos
903 3136 979 3193 esse,
991 3117 1041 3196 qui
1053 3114 1411 3177 KalendisOctobribus¹²
1461 3152 1466 3162 ·

372 3198 382 3229 ‘
397 3199 607 3277 magistratum
616 3199 812 3284 acciperent!
839 3200 875 3263 ln
886 3222 977 3282 quarn
989 3202 1173 3263 sententiam
1183 3222 1274 3282 quum
1286 3204 1313 3246 ²⁷
1324 3201 1413 3283 pedi-

371 3284 426 3344 bus
450 3285 553 3362 iretur,
580 3287 672 3348 ceteri
700 3287 811 3348 tribuni
847 3287 976 3348 militnm
1004 3288 1080 3348 nihil
1115 3287 1336 3348 contradicere.
1380 3299 1413 3347 at

372 3369 525 3432 enimvero
541 3371 666 3453 Sergius
685 3371 910 3454 Virginiusque,
937 3386 1062 3455 propter
1080 3394 1156 3453 quos
1175 3373 1325 3454 poenitere
1344 3394 1411 3434 ma-

278 3497 288 3508 .
370 3455 552 3534 gistratuum
578 3456 642 3535 ejus
668 3460 738 3518 anni
769 3471 908 3520 senatum
939 3460 1113 3541 adparebat,
1134 3461 1234 3540 primo
1258 3460 1413 3541 deprecari

370 3539 580 3618 ignominiam,
597 3542 706 3603 deinde
723 3544 908 3606 intercedere
935 3545 1217 3607 senatusconsulto:
1241 3566 1362 3627 negare,
1377 3565 1411 3604 se

371 3635 443 3684 ante
470 3623 540 3685 Idus
571 3624 766 3706 Decembres,
800 3631 979 3692 sollemnem
1016 3631 1154 3692 ineundis
1184 3631 1408 3713 magistratibus

371 3709 463 3788 diem,
478 3712 594 3774 honore
617 3714 750 3776 abituros
765 3737 841 3778 esse.
878 3715 962 3778 Inter
985 3717 1048 3778 haec
1068 3718 1303 3800 tribuniplebis,
1319 3736 1411 3797 quum

369 3796 401 3857 in
424 3798 588 3860 concordia
607 3800 764 3862 hominnm
788 3802 987 3882 secundisque
1009 3804 1098 3864 rebus
1113 3804 1348 3885 civitatis-inviti
1369 3803 1412 3862 si·

369 3882 495 3946 lentium
512 3886 690 3962 tenuissent,
713 3887 830 3949 feroces
846 3900 970 3970 repente
997 3890 1104 3950 minari
1126 3890 1252 3952 tribunis
1269 3889 1413 3965 militum,

456 4009 463 4041 ¹
476 4007 573 4058 &mono
582 4010 628 4058 del.
639 4009 709 4058 Gron.
720 4009 806 4106 (lter.¹¹
817 4009 962 4124 (imagin
972 4013 1026 4061 bello
1036 4023 1107 4061 costra
1115 4013 1160 4077 obp.
1177 4013 1232 4061 MS.
1242 4011 1322 4060 Veitb.

895 4091 913 4122 rr
944 4091 991 4126 rev.
1335 4113 1338 4118 .

399 4173 423 4208 2⁶
438 4176 510 4227 Pauci
519 4180 653 4243 reipublice]
666 4180 805 4243 essetquie
815 4180 873 4243 pub·
905 4182 1006 4230 bucibat
1017 4183 1151 4246 ineliquata
1162 4184 1413 4245 mutandamquinon

368 4237 411 4284 lica
427 4243 514 4291 utilitas
530 4246 639 4306 postulet,
653 4249 788 4296 intuentur:
805 4246 873 4308 pleri·
906 4262 961 4294 voce
978 4258 1018 4294 aut
1036 4251 1138 4298 oratione
1154 4250 1210 4312 quid
1227 4251 1323 4298 sentiret
1340 4263 1415 4311 expo.-

336 4310 339 4316 ·
370 4317 414 4362 que
426 4303 479 4351 huic
490 4321 557 4368 atque
568 4311 602 4357 illi
613 4311 700 4370 favent,
712 4322 779 4374 prout
791 4327 874 4373 quem·
906 4311 1032 4368 nebeten
1042 4315 1183 4378 solopedum
1191 4313 1416 4374 motu,traoseund⁰

369 4373 875 4441 qurpropemurinhuncvalillumpriratim
907 4377 994 4425 teucer
1009 4377 1034 4424 in
1052 4380 1215 4429 barcillonae
1225 4391 1323 4443 penem.
1356 4377 1414 4427 Vid.

370 4445 435 4478 ’Μ
445 4444 484 4480 ”ut
495 4437 565 4494 gratia
575 4453 800 4504 praeoccupaverunt.
907 4453 957 4494 aot.
970 4443 1009 4493 81.
1020 4443 1048 4494 ad
1061 4456 1103 4495 nt.
1113 4446 1154 4495 41.

400 4495 423 4535 ⁹⁷
435 4495 449 4525 *
463 4495 558 4550 Pedibus
567 4503 650 4570 irruo]
666 4506 794 4558 lirenator
809 4505 875 4572 pedi·
904 4560 906 4564 ,
