3175 5200
462 367 630 430 WA'ET
648 369 844 430 msrums
861 369 963 430 ROM.
1174 389 1237 434 xus

163 534 165 538 ’
189 522 261 597 etsi
276 544 400 618 neque
416 519 502 595 lusia
519 543 644 618 neque
659 520 735 594 illis
751 544 908 618 parrum
925 521 1179 619 est-pretium,
1195 532 1237 600 et

186 621 426 696 eontinuszex
442 619 489 694 iis
515 620 679 694 hutouae
707 621 890 695 Romunre
912 619 1027 694 series
1154 623 1236 700 moi

185 729 323 818 potest.
360 719 651 792 Freinshemius
675 718 780 793 idem
809 719 928 807 Livio,
956 719 1058 816 quod
1122 720 1232 809 urtio,

186 817 353 893 efficium
368 817 554 916 prestitit,
580 841 787 913 omnesque
812 817 894 914 ejus
915 819 1077 907 lucunas,
1095 828 1135 893 et
1153 843 1236 894 mo·

181 917 287 1015 jores
304 927 343 990 et
357 921 534 1006 minores,
560 928 647 992 tam.
658 918 821 991 solenter.
832 915 1066 1011 feliciterque
1082 942 1129 994 ex
1144 918 1236 1016 Epi·

185 1025 290 1092 tome
306 1016 420 1090 modo
438 1026 650 1090 memorata
663 1014 860 1112 etGrseeis
876 1012 1101 1111 Latinisque
1108 1039 1235 1094 remum

184 1115 444 1188 Romnusrum
455 1114 674 1190 suemribus
690 1114 868 1212 explerit,
890 1113 1035 1208 utJipse
1050 1114 1237 1211 jactanter

186 1213 353 1310 quidem,
382 1222 423 1287 st
451 1238 539 1288 vere
556 1213 786 1310 profiteatur,
815 1219 884 1286 ‘se
906 1212 1129 1307 neutiquam
1153 1236 1235 1288 me·

184 1319 306 1401 tuere,
331 1336 380 1386 ne
412 1311 498 1408 quis
529 1337 574 1386 ex
601 1312 774 1386 omnibus
798 1311 856 1384 his
886 1310 1145 1406 scriptoribus,
1169 1311 1238 1405 qui

187 1420 280 1484 sunt
308 1411 350 1484 in
373 1409 569 1484 hominum
599 1433 726 1499 msnu,
763 1408 902 1506 aliquid
925 1407 1066 1509 efficiet
1083 1408 1134 1482 in
1159 1407 1237 1488 hos

186 1531 329 1605 genere
343 1506 571 1595 concinnius,
598 1507 793 1604 copiosius,
811 1505 958 1580 uerius!
1010 1506 1091 1579 111ae
1116 1505 1235 1604 ‘Epi-

185 1615 302 1680 tomae
329 1605 508 1678 librorum
542 1605 659 1694 Livii:
695 1629 856 1704 quarum
890 1606 983 1678 drrns
1021 1604 1236 1696 desiderari,

186 1727 342 1776 cxxxvi.
359 1712 399 1776 et
416 1727 585 1776 cxxxvii.
602 1727 715 1800 supra
737 1703 969 1794 monuimus,
993 1730 1021 1778 a
1041 1727 1117 1798 quo
1143 1725 1234 1780 oon·

183 1803 294 1878 lente
310 1801 404 1891 sint,
436 1825 513 1874 uon
530 1802 723 1876 .hsl›emns
761 1803 895 1876 dicere.
955 1801 1142 1879 Nonnulli
1167 1827 1234 1881 ess

185 1900 258 1998 ipsi
297 1901 467 1974 tribuunt
498 1900 624 1990 Livio,
656 1902 719 1975 ulii
736 1902 865 1975 ..lunio
893 1901 1078 1988 Maximo,
1118 1924 1233 1998 quem

184 1999 358 2074 historus
381 1999 551 2074 Sallustii
577 2000 749 2096 Liviique
774 2001 815 2073 in
830 2000 1021 2096 epitomen
1038 2000 1237 2096 redegisse

185 2097 297 2171 docet
313 2098 454 2172 Statius
473 2097 563 2172 Silv.
579 2102 617 2188 4,
633 2101 670 2174 4.
687 2099 857 2196 plerique
872 2100 1232 2185 dunum-From

186 2197 1236 2295 quae.eonjeeturainde·nauvidetur,quotidemaliam

184 2317 313 2366 rerum
329 2296 585 2368 Romnnumm
603 2295 794 2392 epitomen
812 2295 969 2391 scripsit,
987 2295 1238 2371 sodreleum

186 2393 237 2466 ob
256 2417 419 2482 oausam,
432 2400 476 2464 ‘et
491 2401 645 2490 propter
661 2392 918 2468 diversitatem
930 2402 1012 2466 tum
1031 2393 1130 2489 styli,
1149 2402 1235 2470 trun

183 2490 548 2566 montanistarum
567 2499 773 2588 gestsrmu,
790 2515 923 2589 pamm
937 2491 1142 2588 probabilis
1158 2500 1231 2569 est.

185 2589 297 2672 Quod
318 2587 514 2686 adipsum
538 2590 733 2689 lipitomes
745 2590 866 2689 ⁴hujus
881 2590 1233 2668 uivunoetndolem

182 2689 340 2777 adunet,
377 2687 411 2761 si
443 2712 565 2786 genus
599 2689 749 2763 dieendi
765 2696 938 2787 'spectes
976 2715 1052 2787 quo
1079 2690 1235 2787 singule

184 2789 437 2875 montianum,
464 2788 504 2861 id
533 2788 688 2884 quidem
711 2789 870 2864 Liriano
895 2814 974 2863 non
989 2814 1058 2906 pur
1075 2813 1234 2869 censen-

184 2886 276 2959 dum
310 2887 577 2976 concinnitate,
612 2896 652 2961 et
682 2887 865 2963 seriorem
900 2913 1044 2986 passum
1083 2897 1236 2965 eoum

182 2985 340 3072 redolet,
375 3008 508 3059 verum
533 2986 758 3083 plerumque
774 3012 912 3085 purum
929 2996 990 3062 est
1003 3012 1049 3063 ae
1064 2996 1232 3073 tersum

183 3083 318 3175 sires,
358 3108 444 3181 quse
478 3084 689 3174 truduntur,
728 3096 860 3161 auomr
889 3088 971 3185 ejus
1000 3088 1116 3184 louge
1148 3088 1233 3183 plu·

184 3182 298 3255 rimas
340 3182 546 3282 depromsit
587 3209 635 3257 ex
674 3208 722 3258 es
758 3185 927 3274 h'mtoria,
974 3209 1090 3281 quam
1125 3186 1235 3259 velut

184 3280 354 3353 tabulam
393 3282 524 3376 primis
564 3283 818 3376 extremisque
861 3282 971 3355 lineis
1012 3284 1236 3360 adumbrare

184 3374 227 3449 in
256 3376 427 3449 animum
453 3377 662 3449 induxerat.
712 3380 1010 3475 Nonmrmquum
1038 3402 1129 3453 vero
1153 3404 1233 3461 non

185 3474 303 3549 modo
331 3474 432 3547 iuter
461 3496 548 3545 eum
578 3483 617 3547 et
646 3474 812 3565 Florum,
837 3478 904 3549 sed
932 3477 1056 3575 ipsum
1082 3502 1235 3574 quoque

183 3572 331 3645 Livium
354 3572 564 3668 discrepare
590 3572 747 3646 videbis.
798 3575 909 3672 Quod
937 3585 1086 3650 tannim
1110 3578 1231 3670 abest,

183 3678 229 3773 ut
256 3670 411 3745 omniuo
440 3669 664 3767 reprehendi
689 3673 820 3768 possit,
849 3685 893 3746 ut
919 3675 1076 3748 doctum
1105 3675 1230 3771 potius

185 3778 318 3867 arguat
344 3768 478 3861 virum,
509 3769 573 3866 qui
604 3794 684 3845 non
711 3771 895 3845 serviliter
921 3771 1053 3846 iisdem
1082 3798 1233 3871 semper

184 3868 334 3941 insistat
347 3869 527 3967 vestigiis,
546 3870 613 3943 sed
634 3870 809 3966 quedam
828 3894 874 3944 ex
891 3870 972 3943 aliis
989 3871 1103 3943 etium
1120 3870 1235 3945 fonti·

183 3968 266 4054 bus,
293 3990 364 4042 neo
383 3966 462 4041 siue
484 3967 637 4064 judicio,
663 3969 849 4053 hemerin
887 3969 960 4043 nisi
984 3968 1112 4042 forsan
1128 3978 1230 4047 recte

186 4086 351 4161 eenseas,
381 4069 428 4141 ab
457 4091 516 4157 eo,
543 4068 609 4165 qni
634 4067 772 4143 librum
790 4069 954 4165 aliquem
983 4068 1023 4141 in
1040 4068 1231 4167 epitomen

185 4174 308 4261 sugat,
335 4165 485 4261 requiri,
511 4176 554 4239 ut
580 4168 707 4263 paucis
733 4168 884 4259 indicet,
910 4167 977 4242 ubi
1006 4177 1044 4242 et
1066 4193 1132 4243 cur
1154 4168 1230 4243 dis-

187 4264 334 4343 sentiat.
368 4264 498 4339 Minus
515 4266 750 4365 probandum
767 4267 926 4358 videtur,
942 4268 1044 4365 quod
1060 4288 1229 4367 persepe

186 4350 325 4439 suillo
349 4373 390 4440 et
415 4364 507 4447 ordo
526 4390 663 4457 :rerum
687 4368 956 4457 narrandarum
983 4378 1162 4459 mutatur,
1190 4374 1230 4459 et
