3175 5200
367 374 406 432 el
791 365 876 428 Tm
891 367 994 429 mvn

367 534 440 586 ante
454 489 571 589 domm
590 534 650 601 est,
670 519 739 585 dua
750 520 870 602 Tbllioe,
890 525 970 606 regis
993 522 1072 603 filie,
1095 535 1271 608 nupserant,
1294 538 1328 590 et
1342 525 1415 610 ipse

367 611 458 694 longe
484 611 618 695 dispares
644 610 789 672 moribus.
834 609 926 674 Forte
949 613 995 674 ita
1018 611 1176 691 inciderat,
1201 633 1241 674 ne
1265 612 1327 676 duo
1348 615 1415 678 vio-

366 697 451 762 lenta
473 699 596 780 ingenia
623 696 819 758 matrimonio
839 695 1049 779 jungerentur,
1074 697 1207 778 fortuna,
1232 700 1333 779 eredo,
1356 721 1415 783 po·

365 785 427 867 puli
454 784 597 862 Romani,
627 801 688 864 quo
713 783 883 846 diuturnius
906 781 1001 847 Servii
1026 803 1154 865 regnum
1182 799 1273 864 mser,
1297 787 1414 850 cousti-

365 872 471 953 tuique
500 869 633 932 ciuitatis
663 889 763 931 mores
791 883 925 954 possent.
980 871 1158 953 Augebatur
1191 871 1277 937 ferox
1300 871 1413 952 Tullia,

365 959 482 1020 ”nihil
508 955 641 1018 materie
665 956 696 1018 in
722 956 786 1018 viro
817 977 915 1038 neque
941 957 981 1019 ad
1007 959 1217 1041 cupiditatem,
1249 979 1347 1042 neque
1366 961 1413 1022 ad

365 1044 525 1107 audaciam
539 1063 626 1120 esse3
653 1051 721 1105 tota
743 1041 774 1103 in
790 1043 918 1106 alterum
940 1065 1028 1106 versa
1039 1043 1253 1128 Tarquinium,
1267 1067 1337 1110 eum
1352 1047 1410 1111 mi-

303 1141 304 1146 ’
365 1131 436 1210 rari,
460 1151 530 1192 eum
543 1129 641 1191 uirum
651 1129 773 1208 dicere,
796 1149 834 1192 ac
849 1131 935 1212 regio
956 1133 1102 1213 sanguine
1123 1143 1245 1196 ortum
1271 1153 1412 1216 spernere

185 2632 292 2713 lfioients

186 2716 238 2763 epus
247 2716 302 2751 con·

185 2767 242 2817 silis.

364 1238 508 1296 sororem,
540 1216 621 1298 quod
651 1216 747 1278 virum
776 1228 871 1278 nacta
900 1217 1038 1280 muliebri
1070 1220 1097 1258 ⁶⁸
1113 1230 1245 1282 coesmet
1272 1218 1411 1282 audacia.

364 1310 392 1346 ⁵⁴
404 1303 568 1368 Contrahit
582 1302 719 1366 celeriter
740 1302 909 1366 similitudo
928 1324 991 1384 eos,
1016 1316 1053 1368 ut
1065 1304 1126 1366 lere
1148 1303 1185 1367 fir
1200 1305 1315 1368 malum
1329 1306 1412 1369 malo

364 1391 566 1476 aptissimum.
597 1390 652 1452 ssd
675 1389 795 1453 initium
820 1389 962 1453 turbandi
1000 1392 1105 1453 omnia
1130 1411 1150 1453 a
1172 1390 1287 1454 lemine
1310 1403 1411 1455 ortum

363 1489 421 1542 est.
464 1476 521 1559 Fa,
544 1477 667 1539 secretis
692 1475 747 1538 viri
774 1476 864 1538 alieni
890 1477 1067 1540 adsuefacta
1090 1477 1289 1557 sermonibus,
1321 1477 1410 1540 nullis

363 1565 521 1628 uerborum
543 1562 734 1626 emrtumeliis
756 1583 890 1646 parcere,
906 1568 934 1603 ⁶⁸
946 1564 984 1626 de
1005 1564 1070 1627 viro
1083 1565 1125 1626 ad
1145 1564 1282 1643 mtrem,
1308 1565 1347 1628 de
1359 1587 1411 1629 so-

363 1673 431 1714 rore
445 1652 485 1715 ad
498 1651 615 1729 uirum3
640 1662 672 1712 et
693 1670 725 1711 se
740 1649 852 1712 rectius
865 1649 1036 1729 “viduam
1058 1662 1091 1712 et
1104 1649 1189 1712 illum
1205 1651 1347 1714 coelibem
1361 1653 1410 1714 lir-

362 1751 464 1801 turum
479 1737 570 1800 brisce
585 1737 779 1816 contendere,
794 1755 885 1817 quam
900 1757 970 1800 cnm
985 1737 1083 1820 inpari
1093 1735 1194 1818 jungi,
1204 1748 1241 1799 ut
1251 1737 1409 1819 clarsgues-

363 1825 493 1888 cendum
508 1825 608 1886 aliens
622 1823 744 1906 igrrevia
766 1834 857 1886 esset.
900 1821 934 1885 Si
948 1823 1005 1884 sibi
1020 1844 1102 1902 eum,
1127 1843 1189 1905 quo
1211 1822 1305 1904 digna
1317 1837 1409 1902 esset,

361 1909 415 1974 Dii
438 1911 593 1974 dedissent
615 1911 722 1990 virum,
754 1909 837 1972 domi
862 1931 895 1973 se
917 1910 1094 1994 propediem
1124 1910 1256 1972 vanum
1281 1930 1408 1992 regnum

361 1997 462 2077 titisse,
487 1997 570 2081 quod
593 1997 674 2081 apud
699 2007 818 2080 patrem
842 1996 955 2060 videet.
1010 1995 1156 2059 Celeriter
1182 1995 1408 2060 adolescentem

362 2105 422 2148 sue
436 2084 618 2148 temeritatis
633 2084 738 2167 inplet.
781 2083 882 2146 Aruas
896 2082 1096 2165 Tarquinius¹
1110 2094 1143 2144 et
1157 2081 1294 2147 ⁶⁷'llsllin
1307 2084 1408 2146 minor

360 2193 454 2256 prope
476 2172 661 2235 mutinuatis
685 2169 839 2234 funeribus
863 2191 956 2252 quum
977 2171 1085 2233 domos
1107 2189 1217 2232 uacuas
1238 2189 1319 2232 noso
1339 2190 1408 2234 ma·

360 2259 504 2322 trimonio
527 2259 679 2337 iecissent,
714 2259 741 2298 ⁵⁸
748 2255 918 2340 junguntur
943 2257 1068 2340 nuptiis,
1092 2257 1193 2338 magia
1214 2277 1276 2320 non
1301 2255 1408 2341 probi·

358 2347 451 2408 bente
466 2343 580 2422 Servio,
595 2365 686 2427 quam
702 2345 902 2427 adprobante.

400 2429 531 2492 XLVII.
551 2429 633 2492 Turn
664 2448 735 2492 vero
765 2430 798 2492 in
830 2431 895 2492 dies
932 2429 1107 2493 ⁸⁹infestior
1130 2429 1224 2492 Tullii
1256 2440 1407 2509 senectus,

358 2514 494 2578 infestius
510 2516 605 2596 coepit
615 2535 742 2596 regnum
757 2535 834 2576 esse.
843 2513 912 2595 jam
926 2516 1007 2576 enim
1021 2517 1062 2576 ab
1075 2517 1188 2578 scelere
1201 2517 1272 2578 adm
1288 2519 1315 2556 ⁶⁰
1324 2517 1408 2580 aliud

357 2613 496 2687 spectare
509 2601 616 2663 mulier
631 2601 749 2663 scelus:
777 2620 835 2663 nec
856 2613 958 2679 nocte,
984 2622 1042 2663 nec
1065 2602 1196 2664 interdiu
1217 2603 1316 2665 uirum
1330 2624 1405 2666 con-

358 2690 512 2771 quiescere
526 2689 602 2770 pati,
615 2708 653 2749 ne
664 2686 799 2767 gratuita
812 2688 966 2770 praeterita
979 2687 1143 2769 parricidia
1156 2700 1268 2751 essent.
1313 2687 1404 2751 ‘Non

357 2776 369 2811 ‘
376 2776 433 2839 sibi
443 2775 583 2855 defuisse,
593 2774 776 2856 ⁶¹cuinupta
785 2773 1010 2852 diceretur,nec
1018 2793 1089 2835 cum
1097 2774 1405 2854 quotncitaserrirets

484 2904 491 2941 ¹
505 2904 592 2957 Lurius
602 2906 735 2971 Tarquinius
744 2904 819 2957 Doer.
829 2904 889 2972 llup.
989 2912 1007 2940 ¹
1021 2906 1052 2955 od
1063 2902 1109 2956 del.
1119 2904 1195 2955 Gron.
1205 2904 1275 2956 Cres.

389 3026 411 3061 Ἀ
428 3021 520 3074 ‘Ndrtl
529 3018 636 3085 mauric]
651 3021 719 3071 Nihil
733 3022 759 3071 in
773 3022 816 3073 siri
826 3022 863 3073 in·
927 3020 948 3057 ⁵⁵
965 3020 1004 3071 De
1019 3024 1066 3071 uiro
1080 3023 1111 3071 sd
1120 3019 1232 3087 srntrsrs]
1246 3019 1340 3085 'Supple
1356 3018 1406 3070 riri.

356 3091 424 3155 genio
434 3090 528 3155 reperiri
539 3103 567 3138 er
578 3088 619 3137 illo
628 3088 707 3137 babitu
718 3090 811 3151 mentis,
825 3088 864 3151 qui
894 3088 935 3138 De
947 3104 1018 3137 serore
1027 3089 1058 3135 cd
1069 3088 1151 3145 cirron⁸
1160 3086 1239 3151 supple
1250 3088 1341 3135 macris.

357 3156 421 3206 velut
444 3156 539 3204 muteris
558 3167 595 3203 est
614 3154 642 3201 ad
661 3154 817 3219 cupiditatem,
835 3155 863 3201 sd
928 3150 950 3186 ⁵⁶
969 3150 1074 3215 Viduam]
1098 3150 1183 3210 Vidua,
1203 3152 1221 3199 si
1238 3148 1406 3214 jurisconsultis

356 3222 474 3272 stsdscism
497 3220 631 3269 inluminari
652 3220 739 3279 sardin
760 3219 810 3281 qui,
836 3218 865 3267 sd
896 3219 1021 3275 aedanus,
1036 3230 1083 3265 neu
1102 3233 1129 3265 es
1148 3214 1224 3264 solum
1242 3216 1336 3274 dieitur,
1353 3230 1405 3277 quse

358 3285 551 3351 cupiditatem,sd
562 3283 678 3333 sudarium
689 3285 783 3335 exultari
795 3294 820 3333 et
830 3282 866 3333 in·
897 3284 946 3331 siro
955 3283 1033 3333 mbsts
1043 3282 1138 3341 estmd
1152 3292 1178 3331 et
1187 3297 1216 3331 es
1226 3294 1406 3347 quenuuqusn

357 3352 504 3401 ceudlsseile
515 3363 599 3415 potest.
898 3349 985 3411 nupsit.

389 3416 412 3451 ³⁸
431 3416 527 3465 cessum
540 3414 646 3477 cudaria]
666 3413 772 3464 cessaret
787 3416 866 3463 alsu-
929 3414 951 3451 “l
969 3412 1045 3461 Tullia
1055 3410 1136 3474 nrm]
1156 3409 1244 3475 Major,
1256 3427 1286 3461 ex
1297 3412 1405 3490 Dionysii

356 3482 523 3542 dsclncsreret
531 3480 628 3529 sudseis·
644 3480 733 3529 Ecdssn
739 3482 868 3543 modosup·
899 3479 1024 3540 sententis,
1042 3478 1081 3541 qui
1090 3478 1192 3527 Tulliam
1203 3476 1314 3541 susim
1325 3478 1405 3541 urspoei

357 3544 866 3609 u·
898 3544 1287 3672 u...
1321 3543 1405 3590 Μ

422 3683 480 3725 esto.
931 3675 953 3709 '⁴⁰
967 3669 1404 3738 IunguntudL'l'ssquirsiusetTul·

357 3740 480 3789 Possumus
517 3750 595 3787 rumen
632 3740 739 3804 suspicari
770 3740 866 3788 Liuium
897 3739 1017 3789 lisslters.

357 3806 605 3869 scripsisaeumulislri
616 3815 705 3855 cessaret
714 3806 864 3861 sudatione
936 3806 958 3842 ⁵⁹
973 3800 1087 3869 iperio]
1121 3802 1238 3851 Audacius
1264 3802 1403 3866 impugnata.

356 3871 538 3936 proportionem
552 3870 581 3917 ob
597 3871 620 3918 id
635 3870 785 3930 intercidisse,
804 3869 865 3931 quod
896 3869 1036 3919 Prresentrus
1050 3886 1099 3934 ans
1109 3868 1403 3933 erooeprtperrculumim-

355 3952 400 3984 vou
421 3936 553 4000 precedens
581 3944 647 3985 mets
677 3936 757 3985 sedern
786 3933 864 3983 litteus
895 3938 1006 4000 pendere.

354 4000 457 4051 dolatur.
505 4001 576 4051 Petro
594 4017 641 4050 nou
667 4012 702 4050 est
720 3999 782 4063 quod
801 4000 864 4061 qu'u·
928 3999 952 4035 ⁶⁰
967 4002 1039 4049 Aliud
1058 3999 1166 4063 me]
1190 4001 1330 4065 Campans,
1352 3999 1403 4047 Au·

287 4096 295 4117 t
355 4080 424 4126 quam
437 4066 560 4115 nirstnrs
577 4067 674 4117 muliere
692 4065 864 4129 supramodum
895 4066 970 4123 dress,
985 4077 1012 4114 et
1031 4066 1117 4130 sliquos
1136 4065 1248 4115 Grcuorii
1263 4063 1354 4113 codices
1372 4065 1404 4113 sd

355 4130 560 4181 sudscisudstisra
576 4132 654 4181 bubali
671 4131 798 4181 mulierum
811 4144 864 4193 prc-
895 4132 967 4179 sliud.
998 4131 1121 4181 Accedunt
1131 4129 1356 4193 quamcrenestris.

356 4192 439 4255 priam.
927 4193 950 4229 ⁶¹
968 4196 1040 4243 ’Cui
1056 4206 1127 4259 erupto
1151 4194 1273 4257 mr]
1300 4194 1403 4243 Obsessa

388 4257 410 4291 ‘⁴
428 4257 544 4311 caerulis
550 4261 660 4325 subtiler]
674 4263 720 4312 lios
730 4261 865 4320 similitudo,
895 4260 994 4309 uerbum
1007 4261 1124 4309 diceretur.
1155 4260 1231 4321 Culus
1243 4261 1296 4307 brec
1313 4260 1403 4321 sues,

357 4322 416 4383 qued
427 4324 495 4385 vulgo
510 4328 603 4391 accidit,
620 4328 727 4377 celeriter
742 4328 866 4383 resumit,
897 4324 1009 4374 utTnllis
1025 4340 1052 4374 ss
1068 4341 1121 4373 curn
1131 4324 1213 4388 impari
1229 4324 1341 4387 junmsar,
1357 4340 1402 4373 rso·

355 4398 436 4451 utpote
459 4390 585 4453 aptissimas
607 4393 648 4443 sibi
677 4392 786 4454 iarbem,
813 4391 865 4457 qrds
897 4394 959 4439 ruine
970 4404 1046 4452 sensu.
1059 4404 1108 4443 scu
1124 4404 1150 4439 se
1161 4401 1256 4455 nuptm
1267 4388 1336 4440 ΜΝ
1352 4390 1403 4441 ssi·

354 4464 454 4518 uterque
467 4454 547 4507 rusius.
896 4456 985 4511 diurn.
