3175 5200
390 359 459 422 ‚ras
819 342 1030 416 ‚TITIMVII

235 517 375 570 uento.
401 515 450 568 tus
461 526 473 584 3
495 501 633 566 exercitu
657 499 807 564 instructo
832 503 1008 585 paratoque¹
1017 499 1171 585 profectus
1198 498 1238 560 sd
1256 495 1459 576 Imbrinium,

234 582 371 636 ΛΜΗ·
405 591 463 671 (ita
478 600 591 653 vocant
605 587 721 667 locum)
739 587 806 650 acie
828 609 899 650 cum
913 585 1101 651 Samnitibus
1116 585 1266 650 conflixit.
1292 586 1457 668 cofortat-

392 673 561 762 ‘napugnee
576 675 645 753 fuit,
660 687 695 738 ut
704 674 780 737 nihil
792 675 997 752 relictumsit,
1015 696 1085 757 quo,
1102 675 1126 736 si
1139 673 1287 736 adfuisset
1301 673 1456 750 dictator,

403 785 451 826 res
480 763 587 825 melius
612 761 678 844 geri
698 761 850 843 potuerit:
873 783 937 823 non
966 762 1028 824 dux
1051 761 1154 839 militi,
1173 781 1235 823 non
1256 759 1344 823 miles
1377 760 1454 822 duci

404 849 511 912 defuit.
553 847 653 930 Fques
685 849 791 926 etiam,
813 860 939 910 auctore
964 847 1000 910 1.
1029 846 1172 921 Cominio
1203 848 1327 910 tribuno
1365 846 1455 910 mili·

403 948 481 1013 tum,
512 935 563 1017 qui
590 934 749 1016 aliquoties
776 935 883 1018 inpetu
900 948 1001 1018 ‚capto
1020 955 1214 1017 perrumpere
1236 954 1299 996 non
1324 945 1457 1017 poterat

403 1023 538 1085 hostium
558 1043 680 1104 agmen,
705 1021 958 1084 detraxitfrenos
972 1023 1075 1103 equis3
1102 1021 1253 1104 atqueita
1272 1021 1455 1084 concitatos
1553 1056 1554 1059 ¹

401 1110 570 1171 calcaribus
593 1108 741 1191 permisit,
756 1120 790 1169 ut
815 1107 963 1169 sustinere
976 1129 1030 1170 eos
1041 1107 1125 1169 nulla
1138 1107 1182 1169 vis
1193 1120 1308 1190 posset.
1330 1129 1387 1190 per
1397 1130 1453 1170 ar-

400 1217 463 1274 ms,
477 1216 532 1278 per
541 1195 621 1257 viros
645 1196 708 1256 late
732 1204 866 1274 stragem
889 1192 1010 1255 dedere.
1055 1190 1186 1256 Secutus
1200 1194 1293 1276 pedes
1307 1195 1454 1278 inpetum

401 1283 549 1364 equiturn,
570 1279 699 1342 turbatis
714 1279 855 1341 hostibus
872 1279 975 1342 intulit
990 1280 1087 1360 signa.
1130 1277 1250 1362 Viginti
1259 1280 1358 1344 millia
1372 1282 1453 1344 hos·

398 1370 476 1430 tium
502 1386 580 1428 caesa
600 1387 637 1426 eo
660 1364 710 1428 die
725 1365 896 1428 traduntur.
928 1366 1079 1428 Auctores
1093 1366 1204 1446 habeo,
1225 1368 1270 1429 bis
1285 1388 1355 1432 cum
1373 1369 1454 1431 hos-

398 1467 430 1516 te
455 1454 544 1535 signa
561 1452 694 1530 conlata,
709 1450 860 1515 dictatore
875 1453 1013 1532 absente,
1033 1454 1080 1515 bis
1094 1474 1160 1516 rem
1176 1455 1297 1537 egregie
1313 1467 1452 1538 gestam.

397 1539 491 1623 Apud
518 1539 746 1620 antiquissimos
783 1539 946 1622 scriptores
968 1561 1031 1602 una
1054 1540 1118 1603 haec
1143 1561 1248 1624 pugna
1271 1540 1452 1617 invenitur:

397 1627 429 1688 in
445 1626 625 1708 quibusdam
645 1625 804 1686 annalibus
820 1637 887 1688 tota
901 1648 948 1688 res
962 1627 1166 1709 praetermissa
1187 1641 1244 1690 est.
1288 1626 1451 1711 Magister

398 1712 545 1796 equiturn,
567 1724 602 1774 ut
619 1733 658 1774 ex
672 1723 760 1775 tanta
782 1712 876 1790 cade,
896 1712 1001 1775 multis
1023 1715 1140 1797 potitos
1161 1715 1278 1797 spoliis,
1294 1729 1451 1800 congesta

397 1799 430 1861 in
449 1800 604 1884 ingentem
624 1819 766 1861 acervum
781 1799 906 1861 hostilia
920 1821 1008 1862 arma
1023 1801 1147 1863 subdito
1167 1802 1239 1883 igne
1260 1822 1449 1866 concrema·
1553 1808 1554 1829 ¹

397 1885 463 1948 vit:
494 1907 548 1949 seu
573 1896 677 1948 votum
700 1886 732 1948 id
746 1882 883 1947 Deorum
906 1887 1040 1970 cuipiam
1055 1886 1135 1965 fuit5
1157 1909 1211 1950 seu
1226 1888 1350 1951 credere
1364 1889 1448 1953 libet

397 1975 425 2018 ⁷⁰
442 1971 539 2035 Fabio
558 1973 685 2051 auctori,
706 1994 745 2034 eo
760 1972 886 2053 factum,
905 1995 943 2036 ne
961 1996 1021 2036 suae
1038 1973 1142 2056 gloriae
1156 1974 1289 2038 fructum
1310 1974 1450 2040 dictator

399 2071 534 2144 caperet,
551 2081 722 2141 nomenque
734 2059 775 2121 ibi
788 2061 945 2138 scriberet,
954 2073 1008 2124 aut
1018 2062 1115 2143 spolia
1129 2061 1162 2124 in
1171 2062 1328 2145 triumpho
1339 2063 1447 2126 ferret.

399 2143 510 2208 lriterae
539 2167 659 2229 quoque
683 2146 721 2207 de
745 2166 776 2208 re
806 2168 950 2229 prospere
964 2160 1053 2230 gesta
1077 2148 1118 2209 ad
1137 2161 1290 2229 senatum,
1314 2171 1373 2212 oon
1400 2151 1447 2212 ad
1553 2218 1554 2231 ξ

401 2231 593 2312 dictatorem,
616 2233 724 2312 missa,
740 2244 953 2314 argumentum
971 2233 1053 2296 fuere
1069 2235 1195 2297 minime
1210 2257 1282 2298 cum
1301 2258 1337 2298 eo
1354 2258 1444 2300 com-

233 2340 341 2390 mem
351 2341 388 2390 12.
400 2321 583 2382 municantis
606 2320 710 2382 laudes
721 2319 740 2382 ἦ
775 2317 824 2382 Ita
852 2331 934 2382 certe
964 2319 1097 2384 dictator
1121 2316 1154 2385 id
1175 2323 1291 2386 factum
1307 2325 1440 2407 accepit,

231 2407 344 2468 ἅμιππ-
401 2419 446 2486 ut,
469 2407 544 2469 laetis
566 2406 632 2468 aliis
648 2407 775 2469 victoria
794 2419 893 2490 parta,
919 2429 980 2490 pra
1005 2430 1037 2471 se
1068 2407 1159 2473 ferret
1172 2410 1250 2486 iram
1269 2410 1444 2473 tristitiam-

399 2513 468 2575 que.
512 2491 611 2555 Misso
641 2494 744 2575 itaque
772 2507 897 2577 repente
915 2507 1033 2574 senatu,
1054 2516 1087 2557 se
1105 2517 1145 2558 ex
1170 2498 1255 2560 curia
1268 2499 1441 2581 proripuit:

398 2591 464 2641 tum
489 2589 572 2658 ¹nero,
593 2599 657 2642 non
669 2577 853 2643 Samnitium
867 2580 966 2664 magis
977 2581 1123 2665 legiones,
1137 2604 1229 2665 quam
1247 2582 1443 2666 majestatem

398 2664 594 2727 dictatoriam
609 2676 642 2727 et
668 2665 860 2748 disciplinam
889 2668 1063 2748 militarem,
1089 2691 1109 2731 a
1131 2669 1274 2753 magistro
1297 2672 1444 2752 equitum

396 2750 508 2812 victam
523 2762 556 2813 et
580 2772 714 2812 eversam
730 2752 887 2832 dictitans,
902 2755 928 2815 si
940 2754 983 2815 illi
1000 2757 1114 2839 inpune
1128 2770 1257 2840 spretam
1272 2758 1441 2840 imperium
1486 2817 1490 2822 .

397 2835 513 2898 fuisset.
551 2834 656 2917 ltaque
675 2838 782 2920 plenus
797 2840 949 2902 minarum
970 2842 1092 2924 iraeque,
1105 2842 1252 2927 profectus
1274 2842 1306 2905 in
1321 2854 1443 2925 castra,

397 2941 490 3003 quum
504 2923 647 2985 maximis
668 2923 826 2986 itineribus
841 2926 926 3006 isset,
951 2948 1012 2991 non
1028 2942 1133 2992 tamen
1147 2931 1306 3014 prevenire
1319 2930 1443 2994 famam

396 3008 544 3071 adventus
558 3009 603 3070 sui
618 3011 730 3092 potuit.
752 3007 1013 3079 Praecucurrerant
1028 3017 1111 3079 enim
1136 3018 1175 3080 ab
1190 3019 1274 3098 urbe,
1291 3018 1344 3099 qni
1359 3038 1442 3080 nun·

396 3094 524 3175 cierent,
533 3095 716 3159 dictatorem
731 3098 853 3161 avidum
868 3122 966 3183 poena
977 3103 1090 3182 venire,
1105 3104 1231 3167 alternis
1253 3126 1332 3188 pene
1341 3106 1443 3168 verbis

395 3179 434 3243 Τ.
448 3178 562 3245 Manlii
575 3182 690 3246 factum
702 3184 891 3249 laudantem.

227 3284 292 3335 tabu
301 3288 375 3339 mo,
437 3266 559 3332 XXXI.
581 3268 703 3351 Fabius,
727 3273 876 3337 concione
899 3276 1055 3359 extemplo
1078 3278 1241 3359 advocam,
1270 3281 1442 3343 obtestatus

228 3355 256 3401 “¹
267 3354 361 3405 m'lies.
393 3353 505 3417 milites
521 3368 578 3435 est,
594 3357 659 3437 ‘ut,
669 3378 730 3439 qua
743 3360 853 3422 vinute
868 3363 1086 3445 rempublicam
1096 3366 1135 3427 ab
1148 3366 1354 3443 infestissimis
1368 3365 1442 3428 lios-

394 3440 500 3502 ‘tibus
520 3442 737 3523 defendissent,
751 3447 861 3509 eadem
881 3469 924 3527 se,
938 3452 963 3494 ⁷¹
975 3448 1061 3532 cujus
1075 3451 1168 3515 ductu
1181 3453 1377 3537 auspicioque
1390 3453 1439 3514 vi-

392 3524 404 3558 ‘
419 3526 540 3606 cissent,
550 3528 589 3589 ab
598 3530 751 3611 inpotenti
762 3534 945 3597 crudelitate
961 3535 1118 3603 dictatoris
1133 3551 1314 3604 tutarentur.
1328 3538 1440 3602 Venire

391 3610 403 3644 ‘
418 3624 572 3677 amentem
598 3614 722 3694 invidia,
741 3618 853 3683 iratum
868 3621 971 3684 virtuti
987 3624 1092 3687 aliena
1105 3626 1315 3709 felicitatique,
1329 3626 1438 3703 linere,

391 3697 403 3731 ‘
417 3700 509 3781 quod,
519 3722 553 3765 se
564 3702 702 3782 absente,
711 3725 758 3766 res
763 3706 1012 3791 publicaegregie
1020 3723 1109 3793 gesta
1118 3725 1213 3777 esset:
1225 3714 1328 3792 malle,
1337 3714 1362 3773 si
1369 3732 1438 3774 mn·

391 3785 403 3818 ‘
417 3798 482 3849 tare
495 3786 646 3851 fortunam
657 3804 771 3873 posset,
780 3795 863 3877 npud
872 3792 1037 3877 Samnites,
1054 3819 1146 3882 quam
1160 3798 1329 3879 Romanos,
1338 3800 1438 3861 victo-

390 3872 401 3905 ‘
416 3874 493 3937 riam
501 3896 577 3940 csse.
592 3874 756 3960 Imperium
766 3878 910 3944 dictitare
921 3895 1070 3965 spretum,
1085 3897 1243 3969 tamquam
1254 3886 1319 3950 non
1329 3886 1440 3948 eadem

389 3958 401 3992 ‘
415 3972 517 4025 mente
528 3964 657 4048 pugnari
665 3966 805 4045 vetuerit,
814 3989 876 4050 qua
886 3983 1057 4052 pugnatum
1070 3972 1189 4037 doleat:
1199 3986 1232 4037 et
1240 3984 1313 4037 tunc
1323 3972 1440 4035 invidia

765 4079 774 4115 ¹
789 4082 878 4132 laudm
890 4084 965 4136 Grec.
978 4086 1047 4137 Cres.

418 4156 756 4235 praenominantur
769 4162 896 4229 lictorem,
928 4168 1000 4229 meni,
1020 4170 1062 4248 ssd
1080 4171 1177 4233 respuis
1196 4169 1322 4248 ‹lietrtoria
1357 4168 1441 4232 Sinai-

385 4226 802 4363 “ilidfff‘liiimiiisss‘iit
833 4298 896 4347 rs.
910 4233 1306 4365 tnttt‘tftl‘lttt
1319 4238 1442 4350 itali.

383 4344 442 4407 emt]
468 4348 517 4401 Hic
542 4370 588 4404 nco
614 4358 709 4408 omnino
729 4370 837 4411 accense
859 4363 896 4412 lo'-
927 4374 952 4411 et
978 4364 1082 4426 auspiciis
1115 4366 1217 4415 suberrt.
1248 4363 1304 4417 Vid.
1331 4364 1444 4418 Petam.

382 4422 494 4472 quantem
512 4415 566 4475 fecit
586 4420 680 4471 Fabium
696 4424 780 4476 Lirim.
817 4424 897 4476 Dectrs
927 4425 1048 4481 Animadr.
1061 4426 1217 4484 li‘etor.c.7.

382 4471 475 4535 ‘lffltm
493 4478 593 4545 mflssietrl
610 4486 715 4550 equitum
732 4488 836 4546 riserant
847 4489 895 4555 ss
1099 4501 1104 4509 ’
