3175 5200
537 340 616 403 nm.
628 340 668 403 11.
687 338 768 403 csl’.
783 340 823 401 X.
1178 354 1217 409 9³

174 516 238 577 um,
263 496 334 581 qnia
350 494 476 581 inpenso
492 498 590 580 pretio
604 480 737 577 venibat,
752 498 784 561 in
800 494 953 581 pubiicum
967 497 1052 562 omni
1077 512 1179 565 sumt:
1189 500 1217 577 ¹¹,
1229 504 1262 556 U·
1273 506 1303 558 c·
1313 508 1372 559 ²⁴⁶·

174 584 329 647 ademtum
341 584 474 667 privatis.
497 590 523 625 ⁸⁵
532 584 754 669 Portoriisque¹
786 584 946 648 attributo
961 587 1066 670 plebes
1077 587 1093 625 ¹¹
1104 588 1215 651 libera·
1227 573 1259 623 A.
1268 570 1298 622 ⁰·
1306 574 1362 623 ⁵⁰⁶·

173 683 217 751 ta,
231 682 266 735 ut
280 672 387 735 divites
403 671 586 752 conferrent,
601 674 653 756 qui
668 673 754 736 oneri
779 670 906 735 ferendo
922 686 1041 737 essent:
1069 696 1216 759 pauperes

173 760 247 821 satis
270 758 412 842 stipendii
436 760 580 843 pendere,
602 760 627 823 si
655 760 766 822 liberos
796 760 972 824 educarent.
1015 756 1122 845 ltaque
1152 763 1217 829 hare

176 844 366 929 indulgentia
380 843 515 925 Petrum,
530 848 643 931 asperis
668 846 866 931 postmodum
892 848 980 909 rebus
1000 847 1032 910 in
1057 850 1216 915 obsidione

176 954 212 995 ac
227 932 318 1014 fame,
335 934 412 996 adeo
428 934 613 999 concordem
627 934 783 997 civitatem
798 934 909 1015 tenuit,
922 945 957 997 ut
972 934 1089 1017 regium
1103 957 1217 1001 nomen

174 1042 235 1101 qon
262 1020 371 1083 summi
395 1022 503 1103 magis,
522 1043 613 1106 quam
630 1020 733 1083 'infimi
762 1022 938 1085 horrerent:
970 1042 1028 1083 nec
1059 1023 1216 1106 quisquam

173 1128 248 1170 unus
264 1108 353 1170 malis
383 1108 498 1171 artibus
528 1120 637 1191 postea
664 1120 728 1171 tam
749 1108 903 1192 popularis
919 1118 1011 1187 esset,
1033 1130 1126 1192 quam
1151 1121 1217 1173 tum

173 1194 250 1257 bene
265 1195 445 1278 imperando
454 1195 608 1257 universus
622 1208 744 1259 senatus
760 1194 828 1259 luit.

214 1280 256 1346 X.
279 1282 381 1353 Quum
411 1282 515 1344 hostes
540 1283 691 1362 adessent,
715 1304 771 1365 pro
795 1304 829 1345 se
855 1283 980 1366 quisque
1004 1283 1035 1346 in
1050 1284 1155 1347 urbem
1177 1304 1216 1347 ex

174 1370 253 1451 agris
274 1368 466 1451 demigrant:
489 1370 594 1432 urbem
610 1369 706 1452 ipsam
722 1368 844 1453 sepiunt
853 1369 1011 1453 presidiis.
1037 1370 1099 1433 alia
1111 1371 1217 1451 muris,

173 1456 234 1517 alia
250 1454 354 1518 Tiberi
370 1454 492 1537 objecto
506 1456 684 1519 videbantur
697 1466 775 1519 tuta.
797 1453 877 1519 Pons
903 1456 1047 1519 sublicius
1065 1456 1123 1520 iter
1136 1479 1216 1541 pene

174 1542 312 1605 hostibus
327 1542 428 1604 dedit:
451 1542 482 1605 ni
494 1563 569 1624 unius
583 1542 627 1605 vir
643 1543 758 1621 fuisset,
769 1540 919 1608 Horatius
928 1542 1037 1606 Cocles
1049 1566 1059 1623 3
1088 1543 1133 1626 (id
1147 1564 1215 1607 mu·
1229 1552 1289 1602 Hor.
1299 1552 1375 1625 Coeli,-

174 1628 343 1692 nimentum
365 1629 417 1690 illo
433 1628 482 1691 die
504 1630 626 1715 fortuna
639 1631 719 1693 urbis
743 1628 890 1693 Romame
911 1630 1030 1712 habuit)
1047 1629 1111 1713 qui,
1133 1631 1215 1714 posi·
1227 1620 1363 1733 {mlii

172 1728 221 1777 tus
236 1715 316 1778 forte
332 1716 363 1777 in
378 1716 511 1779 statione
526 1718 639 1799 pontis,
656 1738 748 1801 quum
767 1729 892 1802 captum
921 1718 1081 1799 repentino
1110 1718 1216 1802 inpetu
1241 1701 1265 1735 θ’

172 1802 357 1881 Janiculum,
372 1814 465 1885 atque
477 1803 548 1866 inde
562 1804 674 1869 citatos
684 1804 843 1868 decurrere
859 1805 962 1867 hostes
970 1804 1105 1885 vidisset,
1119 1806 1215 1889 trepi-

174 1888 305 1971 damque
320 1891 441 1953 turbam
463 1911 585 1953 suorum
606 1913 691 1955 arma
714 1891 896 1974 ordinesque
912 1891 1091 1975 relinquere,
1111 1913 1215 1975 repre-

172 1976 303 2038 hensans
317 1978 463 2059 singulos,
478 1977 640 2057 obsistent,
655 1980 872 2061 obtestansque
880 1976 984 2040 Dedm
1003 1989 1035 2041 et
1055 1978 1214 2043 hominum

171 2061 263 2125 fidem
279 2065 448 2127 testabatur
462 2065 474 2097 ‘
488 2065 694 2148 nequidquam
705 2070 732 2105 ⁶⁶
744 2066 866 2129 deserto
879 2064 1019 2148 prasidio
1034 2087 1086 2127 eos
1097 2065 1215 2147 fugere.

172 2149 183 2181 ‘
199 2152 224 2196 ⁵⁷
237 2148 270 2210 Si
286 2152 447 2213 transitum
457 2163 584 2234 pontem
595 2164 709 2235 atergo
719 2152 919 2235 reliquissent,
926 2150 993 2235 jam
1004 2152 1071 2235 plus
1081 2153 1215 2215 hostium

172 2236 183 2269 ‘
199 2236 230 2297 in
245 2234 362 2299 Palatio
374 2236 601 2320 Capitolioque,
617 2260 707 2321 quam
723 2240 754 2301 in
768 2238 909 2303 danicqu
924 2239 1001 2302 fore.
1026 2237 1132 2321 ltaque
1147 2260 1215 2301 mo-

172 2322 183 2355 ‘
199 2342 280 2402 nere,
290 2324 464 2405 praedicere,
476 2336 510 2386 ut
519 2337 644 2407 pontem
657 2325 750 2405 ferro,
759 2326 834 2407 igni,
844 2326 1215 2409 quacumquevipossent,

172 2408 429 2494 ‘interrumpunt
473 2408 513 2473 Se
529 2412 665 2493 inpetum
681 2412 827 2490 hostium,
847 2424 994 2494 quantum
1004 2422 1137 2494 'corpore
1152 2433 1213 2473 uno

171 2496 301 2578 ‘posset
315 2497 432 2576 obsisti,
449 2495 668 2579 excepturum!
698 2496 792 2559 Vadit
813 2497 885 2559 inde
901 2498 932 2559 in
947 2498 1078 2579 primum
1094 2497 1212 2559 aditum

170 2585 293 2668 pontis:
324 2583 508 2666 insignisque
549 2584 629 2646 inter
667 2595 834 2667 conspecta
849 2586 875 2624 ⁵⁸
887 2584 1061 2647 cedentium
1105 2605 1213 2667 pugnae

170 2681 267 2752 terga,
296 2671 429 2733 obversis
456 2671 593 2734 cominus
616 2671 655 2732 ad
682 2671 848 2734 ineundum
863 2671 1003 2754 proelium
1027 2671 1130 2749 armis,
1145 2672 1213 2754 ipso

171 2757 315 2819 miraculo
331 2758 464 2820 audaciae
476 2757 681 2840 obstupefecit
692 2759 806 2820 hostes.
816 2758 893 2819 duos
907 2769 1091 2820 tamencum
1107 2778 1145 2818 eo
1155 2778 1212 2841 pu-

171 2842 228 2906 dor
236 2845 344 2924 tenuit,
355 2841 410 2928 Sp.
419 2843 554 2908 Lartium
567 2865 603 2907 ac
611 2842 650 2908 T.
660 2843 864 2924 Herminium,
879 2844 985 2906 ambos
997 2844 1212 2926 clarosgenere

171 2931 330 3014 lactisque.
355 2930 434 2994 Cum
444 2931 491 2994 his
501 2932 631 3016 primam
641 2932 764 3014 periculi
777 2931 953 3014 procellam,
963 2942 996 2993 et
1005 2931 1089 3013 qnod
1098 2931 1212 2994 tumul·

142 3018 147 3026 ’
169 3017 374 3080 tuosissimum
386 3039 494 3102 pugna
509 3029 587 3096 erat,
601 3039 762 3102 parumper
776 3018 929 3081 sustinuit.
943 3017 1055 3080 deinde
1071 3039 1124 3080 eos
1133 3037 1212 3099 quo·

171 3124 229 3185 que
241 3103 333 3186 ipsos,
345 3105 455 3186 exigua
469 3117 555 3188 parte
570 3106 672 3188 pontis
687 3106 803 3183 relicta,
815 3105 1025 3167 revocantibus
1035 3104 1087 3186 qui
1097 3103 1211 3166 rescin-

171 3189 296 3269 debant,
321 3191 429 3252 cedere
450 3191 481 3252 in
496 3200 595 3252 tutum
626 3191 736 3273 coegit.
780 3189 1003 3252 Circumferens
1027 3190 1099 3251 inde
1113 3200 1213 3251 truces

170 3275 330 3339 minaciter
351 3275 457 3338 oculos
480 3277 520 3337 ad
550 3295 690 3357 proceres
721 3274 931 3352 Etruscorum,
965 3295 1046 3336 nunc
1077 3274 1212 3355 singulos
1313 3293 1316 3300 ·

170 3384 345 3448 provocare,
368 3383 448 3425 nunc
470 3360 626 3444 increpare
641 3381 758 3438 omnes,
772 3361 783 3393 ‘
799 3360 930 3423 Servitia
944 3381 1049 3443 regum
1065 3361 1212 3445 superbo-

171 3451 183 3484 ‘
198 3471 274 3530 rum,
284 3471 344 3512 sure
354 3449 502 3512 libertatis
518 3448 710 3527 inmemores,
725 3448 855 3510 alienam
870 3450 1078 3532 obpugnatum
1087 3445 1211 3511 venire.’

171 3535 315 3600 Cunctsti
331 3535 517 3618 aliquamdiu
532 3544 613 3612 runt,
639 3535 711 3596 dum
727 3534 803 3596 alius
818 3535 920 3614 alirun,
945 3546 980 3597 ut
999 3536 1137 3618 proelium
1164 3534 1210 3596 in-

170 3624 295 3708 cipiant,
310 3624 576 3710 circumspectpnt.
599 3623 699 3705 pudor
723 3620 835 3684 deinde
857 3623 1021 3685 commovit
1044 3623 1153 3699 aciem,
1169 3636 1211 3700 et,

170 3711 303 3774 clamore
332 3711 463 3789 sublato,
493 3709 627 3791 undiquc
648 3709 679 3770 in
700 3730 794 3772 unum
817 3709 935 3772 hostem
957 3709 1021 3772 tela
1034 3707 1212 3790 conjiciunt.

171 3797 244 3870 Quae
274 3819 366 3882 quum
397 3799 428 3859 in
458 3796 580 3880 objecto
606 3807 718 3858 cuncta
742 3807 830 3858 scuto
854 3795 1020 3873 haesissent,
1039 3815 1139 3876 neque
1161 3793 1212 3855 ille
1283 3874 1286 3887 Ι

192 3921 276 3974 lernae
285 3923 461 3975 sumtumDoer.
473 3923 535 3988 liup.
600 3921 723 3972 ¹Portoriir
731 3938 815 3987 proque
824 3919 976 3970 Geomcrer.
1041 3916 1195 3980 lplsbriired.

202 4037 223 4072 ⁵³
241 4037 357 4104 Portoriis]
405 4039 568 4102 vectigalibus,
622 4055 674 4102 qua
704 4056 733 4103 gn
755 4039 923 4101 relinquerem,
947 4049 991 4083 nec
1012 4048 1067 4081 eum
1084 4031 1211 4108 ,obrumpe-

169 4119 210 4168 pro
227 4103 388 4170 importatione
406 4120 430 4158 er
445 4107 601 4172 exportatiooe
613 4120 674 4154 ruer·
704 4116 757 4154 rent
770 4140 778 4155 .
790 4137 799 4152 .
809 4105 931 4153 Gonnum
949 4115 1038 4156 semus,
1058 4109 1146 4147 currus
1167 4112 1211 4144 vor

171 4167 395 4222 ciumsolvebmtur.
647 4199 649 4204 ,
702 4181 788 4234 poster:
803 4171 901 4219 aberret.
933 4166 959 4214 Si
976 4166 1092 4212 transitura
1111 4163 1211 4225 reliquis·

202 4233 223 4268 ω
236 4235 353 4286 ‘Darem
376 4236 485 4301 presidio]
503 4236 607 4286 Deserto
626 4236 676 4285 loeo
705 4245 760 4295 sert,
775 4237 791 4284 i.
803 4232 1009 4296 erireiiqubeat
1023 4229 1210 4278 bortibnstrrns·

171 4299 196 4348 in
216 4317 261 4364 qm
277 4304 374 4367 presidii
393 4319 458 4352 cru·
480 4303 603 4352 constituti
623 4302 675 4352 iue-
707 4301 776 4350 eundi
789 4300 887 4362 copiam

170 4376 232 4425 rant,
243 4382 324 4432 nempe
332 4369 446 4420 laniculo.
740 4367 762 4400 ⁵⁸
780 4365 909 4414 (Σοάωἰω
948 4359 1042 4427 pugne]
1084 4357 1209 4410 mutemus

204 4429 226 4467 ⁵⁷
241 4430 265 4480 Si
284 4437 399 4482 :mauram
410 4434 505 4498 maten]
525 4432 552 4482 Si
572 4446 676 4498 mutent,
707 4447 761 4483 cum
772 4430 982 4494 Gronoriopogn.

170 4505 289 4562 mma:
303 4513 358 4552 euru
367 4501 410 4566 ipsi
426 4499 578 4563 maiorm,
596 4516 610 4550 r
626 4511 676 4551 ter·
