3175 5200
528 383 605 446 Llll.
618 381 674 445 tx.
691 381 777 444 CAP.
789 383 858 442 XV.
1148 383 1218 442 'tls

158 538 273 620 'uulsa
288 541 436 604 ‘minime
450 541 593 622 cuiquam
603 539 737 602 militum
751 537 893 600 consules
901 536 973 600 odio
984 535 1017 598 iu
1032 536 1137 597 hostes
1148 531 1215 598 ces-
1228 543 1262 600 u.
1272 554 1304 602 c.
1315 539 1373 604 tst'.

174 629 285 706 ‘sisse,
308 640 362 690 aut
383 647 536 690 cessurosr
561 627 634 705 quin
649 626 753 700 duces,
774 624 855 686 sieut
873 622 956 699 belli,
977 623 1021 684 ita
1035 621 1215 684 insatiabilis
1226 619 1257 668 A.
1268 619 1297 669 ⁰·
1308 614 1365 670 Μ

175 714 186 746 ‘
200 714 351 796 supplicii,
367 713 484 775 futuros
500 711 604 787 fuisse,
622 711 652 772 ni
666 721 820 792 respectus
833 709 971 788 equitnm
988 718 1216 787 sexcentorum,

157 799 254 881 ·‘qui
277 797 412 861 Luceriae
438 797 559 859 obsides
585 807 772 872 tenerentur,
795 794 990 876 prepedisset
1011 793 1151 854 animost
1174 814 1214 854 ne

175 884 187 918 ‘
201 886 363 967 desperata
375 883 465 945 venia
479 885 582 944 hostes
593 901 690 944 cacos
701 881 732 942 in
741 880 1006 961 suppliciaeorum
1017 890 1133 959 ageret,
1143 899 1215 960 per·

175 969 274 1032 ‘dere
289 971 382 1052 prius,
397 989 488 1049 quam
504 968 613 1050 perire,
627 965 788 1049 optantes'
826 964 965 1027 Laudare
978 985 1018 1026 cs
1027 965 1151 1037 milites,
1163 964 1214 1026 lte·
1315 965 1319 971 ’

175 1056 295 1136 tsriqne
310 1055 431 1116 obviam
446 1055 523 1116 itum
543 1054 594 1114 ira
612 1073 673 1114 sua
688 1073 764 1127 esse,
788 1050 939 1126 deleted,
956 1051 1060 1114 omnis
1070 1049 1216 1130 patienda

174 1141 287 1223 potius,
294 1160 385 1221 quam
392 1140 569 1222 proderetur
576 1139 708 1199 salustot
715 1134 1216 1220 principumRomarraejuventutis.

218 1224 288 1286 XV.
309 1225 445 1288 Dimissa
459 1225 617 1301 concione,
629 1223 789 1286 consilium
800 1223 950 1299 habitum,
965 1221 1146 1283 omnibusne
1160 1242 1214 1282 co-

173 1311 233 1392 piis
253 1309 413 1372 Luceriam
438 1321 620 1391 premerent,
645 1329 684 1370 an
706 1308 806 1370 altero
827 1308 963 1370 exercitu
976 1320 1009 1368 et
1024 1307 1101 1368 duce
1120 1305 1213 1386 Apuli

174 1397 267 1473 circa,
292 1417 366 1478 gens
389 1396 488 1458 dubia
513 1394 553 1456 ad
579 1395 611 1456 id
634 1394 811 1470 voluntatis,
825 1405 1025 1456 tentarentur.
1069 1391 1214 1453 Publilius

175 1482 291 1558 conssul,
312 1482 353 1544 ad
367 1481 587 1563 peragrandam
606 1479 760 1562 profectus
780 1479 935 1561 Apuliam,
954 1479 1073 1558 aliquot
1087 1476 1213 1559 expedi·

173 1566 257 1628 tione
278 1588 339 1629 una
357 1566 488 1649 populos
507 1575 561 1627 aut
575 1565 604 1626 vi
619 1565 750 1646 subegit,
765 1577 820 1626 aut
833 1564 1056 1626 conditionibus
1071 1564 1104 1622 in
1114 1563 1212 1623 aoeie-

173 1661 272 1713 tatem
293 1652 420 1733 accepit.
463 1650 584 1730 Papirio
599 1668 729 1728 quoque,
750 1650 802 1728 qui
820 1652 959 1711 obsessor
972 1647 1108 1710 Luceriae
1123 1647 1211 1708 resti·-
1225 1656 1322 1706 Lucem

171 1745 265 1814 terat,
279 1736 361 1797 brevi
376 1734 416 1795 ad
428 1754 511 1816 spem
528 1744 652 1794 eventus
663 1732 830 1812 respondit.
841 1753 925 1808 nam,
935 1735 1057 1796 insessis
1072 1733 1213 1794 omnibus
1225 1733 1301 1785 “Pit

172 1820 238 1896 viis,
265 1841 318 1900 per
338 1839 413 1900 quas
436 1828 625 1880 commeatus
647 1837 687 1878 ex
712 1813 840 1878 Samnio
860 1816 1112 1895 subvertebantur,
1131 1818 1214 1880 lame

174 1905 284 1967 domiti
296 1901 460 1981 Samnites,
471 1903 523 1984 qui
532 1901 668 1963 Lucerias
678 1903 709 1962 in
720 1901 861 1983 presidio
870 1911 967 1978 erant,
978 1901 1096 1981 legatos
1105 1904 1214 1964 misere

172 1991 213 2061 ad
236 1991 392 2052 consulem
417 1988 601 2064 Romanum,
628 1999 672 2064 ut,
694 1987 825 2068 receptis
848 1987 1011 2066 equitibus,
1031 1986 1082 2065 qui
1105 2007 1215 2049 caussa

172 2075 245 2138 belli
261 2086 373 2152 essent,
389 2075 550 2136 absisteret
563 2073 730 2133 obsidione.
764 2070 822 2132 His
833 2070 968 2152 Papirius
980 2071 1025 2131 ita
1038 2071 1213 2151 respondit:

173 2160 348 2223 ‘Debuisse
362 2181 415 2220 eos
431 2157 584 2234 Pontium,
600 2155 747 2218 Herennii
759 2157 865 2232 filium,
880 2177 942 2236 quo
957 2167 1080 2218 auctore
1099 2155 1215 2218 Romae·

174 2245 256 2306 ‘nos
274 2247 330 2307 sub
346 2243 457 2326 jugum
471 2245 636 2320 misissent,
657 2241 824 2319 consulere,
839 2241 913 2322 quid
932 2241 1020 2302 victis
1035 2241 1214 2322 patiendum

167 2330 185 2387 Ξ
199 2341 348 2392 censeret.
363 2340 509 2406 ceterum,
525 2328 669 2409 quoniam
694 2329 732 2390 ab
759 2327 896 2390 hostibus
915 2327 947 2388 in
962 2348 995 2388 se
1007 2347 1097 2408 aqua
1109 2326 1215 2404 statui,
1258 2352 1265 2362 ·

172 2416 185 2449 ‘
200 2435 291 2497 quam
302 2416 335 2477 ln
351 2436 383 2476 se
404 2415 461 2497 ipsi
485 2413 573 2492 ferre,
588 2413 761 2490 maluerint,
777 2410 922 2476 nunciare
933 2410 1102 2474 Luceriam’
1110 2410 1214 2494 jussit,
1231 2484 1235 2494 1

164 2501 185 2534 '‘
200 2522 295 2578 arma,
304 2501 448 2577 sarcinas,
453 2499 604 2581 jumenta,
615 2499 969 2561 multitudinemomnem
981 2499 1124 2560 inbellem
1132 2499 1215 2562 intra

171 2586 314 2649 ‘moenia
334 2585 555 2667 relinquerent:
578 2585 707 2647 militem
731 2606 762 2647 se
787 2606 858 2647 cum
876 2584 1003 2667 singulis
1023 2583 1214 2649 vestimentis
1225 2594 1365 2663 subjugum

172 2671 373 2754 ‘subjugum
396 2672 568 2747 missurum,
591 2671 788 2733 ulciscentem
809 2672 946 2748 inlatam,
962 2692 1024 2733 non
1038 2693 1150 2734 novam
1164 2672 1212 2733 in·
1224 2666 1287 2739 ¹¹3⁵*
1297 2664 1364 2715 ⁵¹¹¹·

170 2756 343 2821 ‘ferentem
354 2754 574 2841 ignominiam.'
618 2754 704 2818 Nihil
719 2767 899 2819 recusatum.
909 2769 1027 2841 septem
1043 2758 1140 2820 millia
1153 2759 1213 2821 mi·
1223 2740 1292 2783 Μ’

170 2842 261 2905 litum
276 2844 332 2905 sub
342 2843 454 2925 jugum
469 2843 572 2919 missa,
586 2841 745 2923 predaque
769 2843 876 2924 ingens
896 2843 1030 2907 Luceria
1046 2857 1149 2927 capta,
1165 2867 1212 2909 re·

162 2929 270 3009 ceptis
279 2929 420 2990 omuibus
429 2929 522 3009 signis
534 2927 695 3008 armisque,
705 2948 770 3008 que
780 2930 823 2989 ad
831 2928 984 2993 Caudium
994 2932 1021 2969 ⁴⁸
1028 2932 1210 3011 suberant,

172 3024 214 3089 et,
230 3012 313 3092 quod
331 3014 436 3073 omnia
454 3013 617 3093 superabat
627 3013 750 3093 gaudia,
763 3014 914 3093 equitibus
929 3017 1125 3096 recuperatis,
1136 3036 1213 3096 quos

170 3097 303 3179 pignora
308 3098 392 3178 pacis
402 3096 620 3159 custodiendos
625 3096 783 3159 Luceriam
790 3096 942 3161 Samnites
949 3099 1105 3163 dederant.
1117 3100 1214 3165 Haud

169 3182 267 3243 ferme
277 3182 338 3243 alia
352 3182 523 3245 mutatione
538 3182 639 3243 subita
653 3202 751 3243 rerum
763 3183 874 3244 clarior
888 3185 1017 3246 victoria
1029 3186 1135 3267 populi
1148 3185 1213 3247 Ro·

171 3267 254 3327 mani
267 3276 328 3327 ests
345 3267 494 3347 siquidem
505 3267 598 3329 etiam
612 3264 707 3347 (quod
721 3268 902 3347 quibusdam
915 3270 947 3331 in
960 3271 1118 3331 annalibus
1129 3271 1213 3332 inve·

171 3350 236 3430 uio)
252 3350 388 3428 Pontius,
398 3350 546 3413 Herennii
558 3351 648 3429 filius,
657 3348 841 3415 Samnitium
849 3354 1024 3437 imperator,
1032 3367 1068 3417 ut
1075 3357 1215 3437 expiaret

171 3438 330 3499 consulum
342 3438 553 3518 ignominiam,
569 3438 624 3498 sub
632 3436 742 3519 jugum
754 3458 825 3499 cum
833 3440 944 3501 ceteris
954 3450 1002 3501 est
1010 3442 1128 3502 missus.
1150 3441 1214 3501 Ce-

170 3532 271 3585 terum
287 3520 319 3583 id
335 3522 435 3583 minus
451 3523 555 3597 irritor,
571 3522 731 3579 obscurum
744 3540 810 3582 esse
826 3522 864 3583 de
880 3521 1013 3584 hostium
1025 3522 1213 3589 ducededito

170 3608 325 3684 missoque
336 3607 392 3665 sub
403 3603 529 3683 jugumt
552 3604 585 3664 id
593 3605 697 3685 ,magis
709 3604 848 3667 mirabile
859 3617 916 3683 est,
927 3609 1052 3691 ambigi,
1062 3608 1214 3674 Luciusne

161 3688 329 3751 ¹Cornelius
351 3687 483 3750 dictator
506 3708 576 3749 cum
598 3685 634 3749 L.
657 3688 777 3772 Papirio
800 3690 942 3771 Cursore,
957 3694 1103 3775 magistro
1126 3696 1213 3777 equi·

169 3788 248 3854 tum,
269 3796 306 3836 ea
328 3796 375 3836 res
391 3774 431 3835 ad
452 3772 615 3851 Caudium,
639 3786 731 3855 atque
746 3776 817 3837 inde
831 3776 992 3841 Luceriam
1006 3781 1144 3860 gesserit,
1163 3782 1212 3843 ul-

170 3871 279 3942 torque
300 3860 406 3921 unicus
433 3858 579 3921 Roaiam
602 3860 787 3941 ignominia,
810 3863 927 3925 ”haud
941 3866 1037 3926 sciam
1051 3886 1091 3927 au
1102 3863 1211 3945 justis·

168 3948 247 4008 simo
269 3945 426 4028 triumpho
449 3944 488 4006 ad
511 3947 579 4007 eam
602 3957 723 4008 atatem
755 3948 923 4009 seeundum
943 3948 1070 4011 Furium
1092 3950 1209 4014 Camil·

164 4032 240 4109 lum,
256 4031 499 4113 triumphaverit,
520 4052 559 4093 an
584 4032 742 4093 consulum
768 4032 941 4117 Papiriique
966 4037 1153 4117 precipuum
1178 4035 1211 4100 id

162 4118 260 4181 decus
274 4119 324 4179 sit.
370 4114 514 4197 Sequitur
530 4118 612 4179 lrunc
627 4139 761 4179 errorem
777 4118 855 4179 alius
869 4142 965 4197 error,
980 4120 1134 4184 Cursorne
1151 4122 1213 4185 Pa·

165 4205 259 4287 pirius
286 4203 432 4286 proximis
456 4202 589 4267 comitiis
613 4224 684 4265 cum
700 4207 728 4243 ⁵⁰
741 4203 779 4274 Q.
793 4204 887 4267 Aulio
900 4204 1069 4270 Cerretano
1085 4208 1209 4289 iterum,

197 4326 220 4359 *Β
236 4327 370 4388 Aesimum]
389 4324 490 4383 Quidem
507 4328 595 4392 scripti,
610 4328 671 4376 inter
701 4340 751 4377 not.
761 4304 802 4380 li.
813 4331 842 4377 sd
853 4343 882 4379 n.
892 4334 916 4379 2.
930 4342 956 4380 et
966 4342 1015 4380 aot.
1029 4333 1067 4381 66.
1079 4334 1107 4380 ad
1120 4346 1158 4382 ru.
1168 4333 1209 4393 6⁰.

168 4406 227 4455 quos
238 4392 414 4448 ducenostris,
427 4395 504 4441 umiae
513 4402 584 4441 mat.
734 4394 757 4427 ⁵⁰
769 4394 784 4422 ⁵
797 4394 827 4448 Q.
838 4396 1138 4457 Auliocmmirm]
1157 4398 1208 4445 Au-

161 4496 165 4503 .
197 4454 221 4495 ⁵⁰
237 4454 253 4483 ⁰
269 4454 414 4507 duedecim
423 4454 466 4521 cn]
490 4458 601 4510 nonme
616 4457 670 4510 llud.
701 4458 759 4507 lium
777 4459 803 4508 in
819 4460 951 4525 quibusdem
965 4460 1082 4511 annalibus
1091 4462 1208 4531 consulem

207 4541 316 4591 voni.
618 4600 627 4625 ἱ
728 4528 774 4591 al
