<?xml version="1.0" encoding="UTF-8"?>
<!DOCTYPE html PUBLIC "-//W3C//DTD XHTML 1.0 Transitional//EN"
    "http://www.w3.org/TR/xhtml1/DTD/xhtml1-transitional.dtd">
<html xmlns="http://www.w3.org/1999/xhtml" xml:lang="en" lang="en">
 <head>
  <title>
</title>
<meta http-equiv="Content-Type" content="text/html;charset=utf-8" />
  <meta name='ocr-system' content='tesseract 3.04.00' />
  <meta name='ocr-capabilities' content='ocr_page ocr_carea ocr_par ocr_line ocrx_word'/>
</head>
<body>
  <div class='ocr_page' id='page_1' title='image "./tliviipatavinih03grongoog_0479.png"; bbox 0 0 3175 5200; ppageno 0'>
   <div class='ocr_carea' id='block_1_1' title="bbox 359 782 983 935">
    <p class='ocr_par' dir='ltr' id='par_1_1' title="bbox 359 782 983 935">
     <span class='ocr_line' id='line_1_1' title="bbox 359 782 983 935; baseline 0.011 -7"><span class='ocrx_word' id='word_1_1' title='bbox 359 845 631 930; x_wconf 87' lang='grc' dir='ltr'><strong>ΕΡΙΤΟΜΕ</strong></span> <span class='ocrx_word' id='word_1_2' title='bbox 662 849 829 933; x_wconf 87' lang='lat' dir='ltr'>LIBRI</span> <span class='ocrx_word' id='word_1_3' title='bbox 857 782 983 935; x_wconf 74' lang='lat' dir='ltr'><strong><em>VIlI.</em></strong></span> 
     </span>
    </p>
   </div>
   <div class='ocr_carea' id='block_1_2' title="bbox 568 1093 825 1110">
    <p class='ocr_par' dir='ltr' id='par_1_2' title="bbox 568 1093 825 1110">
     <span class='ocr_line' id='line_1_2' title="bbox 568 1093 825 1110; baseline 0.008 -2"><span class='ocrx_word' id='word_1_4' title='bbox 568 1093 825 1110; x_wconf 45' lang='lat' dir='ltr'>n———h</span> 
     </span>
    </p>
   </div>
   <div class='ocr_carea' id='block_1_3' title="bbox 127 1274 1257 3091">
    <p class='ocr_par' dir='ltr' id='par_1_3' title="bbox 127 1274 1257 3091">
     <span class='ocr_line' id='line_1_3' title="bbox 187 1274 1193 1363; baseline -0.003 -20"><span class='ocrx_word' id='word_1_5' title='bbox 187 1277 357 1343; x_wconf 85' lang='lat' dir='ltr'><em>LATINI</em></span> <span class='ocrx_word' id='word_1_6' title='bbox 368 1300 436 1342; x_wconf 86' lang='lat' dir='ltr'><strong><em>cnm</em></strong></span> <span class='ocrx_word' id='word_1_7' title='bbox 454 1277 622 1361; x_wconf 85' lang='lat' dir='ltr'><strong><em>Carnponis</em></strong></span> <span class='ocrx_word' id='word_1_8' title='bbox 637 1275 822 1358; x_wconf 71' lang='lat' dir='ltr'><strong><em>defecerunt¹</em></strong></span> <span class='ocrx_word' id='word_1_9' title='bbox 846 1285 888 1358; x_wconf 82' lang='lat' dir='ltr'><strong><em>et,</em></strong></span> <span class='ocrx_word' id='word_1_10' title='bbox 907 1277 1009 1341; x_wconf 86' lang='lat' dir='ltr'><strong><em>missis</em></strong></span> <span class='ocrx_word' id='word_1_11' title='bbox 1024 1274 1136 1363; x_wconf 86' lang='lat' dir='ltr'><strong><em>legatis</em></strong></span> <span class='ocrx_word' id='word_1_12' title='bbox 1149 1277 1193 1340; x_wconf 93' lang='lat' dir='ltr'><strong><em>ad</em></strong></span> 
     </span>
     <span class='ocr_line' id='line_1_4' title="bbox 140 1364 1193 1446; baseline -0.004 -16"><span class='ocrx_word' id='word_1_13' title='bbox 140 1377 292 1445; x_wconf 86' lang='lat' dir='ltr'><strong><em>senatum,</em></strong></span> <span class='ocrx_word' id='word_1_14' title='bbox 315 1366 516 1428; x_wconf 87' lang='lat' dir='ltr'><strong><em>conditionem</em></strong></span> <span class='ocrx_word' id='word_1_15' title='bbox 541 1365 683 1442; x_wconf 70' lang='lat' dir='ltr'><strong><em>telenum,</em></strong></span> <span class='ocrx_word' id='word_1_16' title='bbox 705 1374 751 1443; x_wconf 88' lang='lat' dir='ltr'><strong><em>nt,</em></strong></span> <span class='ocrx_word' id='word_1_17' title='bbox 774 1366 801 1428; x_wconf 86' lang='lat' dir='ltr'><strong><em>si</em></strong></span> <span class='ocrx_word' id='word_1_18' title='bbox 822 1385 933 1446; x_wconf 83' lang='lat' dir='ltr'><strong><em>pacem</em></strong></span> <span class='ocrx_word' id='word_1_19' title='bbox 948 1366 1058 1427; x_wconf 88' lang='lat' dir='ltr'><strong><em>babere</em></strong></span> <span class='ocrx_word' id='word_1_20' title='bbox 1071 1364 1193 1444; x_wconf 84' lang='lat' dir='ltr'><strong><em>vellent,</em></strong></span> 
     </span>
     <span class='ocr_line' id='line_1_5' title="bbox 140 1447 1193 1536; baseline -0.003 -20"><span class='ocrx_word' id='word_1_21' title='bbox 140 1455 273 1518; x_wconf 79' lang='lat' dir='ltr'><strong><em>alterum</em></strong></span> <span class='ocrx_word' id='word_1_22' title='bbox 287 1473 327 1519; x_wconf 75' lang='lat' dir='ltr'><strong><em>ee</em></strong></span> <span class='ocrx_word' id='word_1_23' title='bbox 343 1452 467 1516; x_wconf 89' lang='lat' dir='ltr'><strong><em>Latinis</em></strong></span> <span class='ocrx_word' id='word_1_24' title='bbox 482 1451 636 1536; x_wconf 86' lang='lat' dir='ltr'><strong><em>consulem</em></strong></span> <span class='ocrx_word' id='word_1_25' title='bbox 643 1447 803 1531; x_wconf 78' lang='lat' dir='ltr'><strong><em>facerent.</em></strong></span> <span class='ocrx_word' id='word_1_26' title='bbox 849 1451 921 1522; x_wconf 88' lang='lat' dir='ltr'><strong><em>Qua</em></strong></span> <span class='ocrx_word' id='word_1_27' title='bbox 944 1451 1099 1536; x_wconf 70' lang='lat' dir='ltr'><strong><em>legab&#39;one</em></strong></span> <span class='ocrx_word' id='word_1_28' title='bbox 1120 1471 1193 1532; x_wconf 89' lang='lat' dir='ltr'><strong><em>per·</em></strong></span> 
     </span>
     <span class='ocr_line' id='line_1_6' title="bbox 142 1535 1193 1626; baseline -0.002 -24"><span class='ocrx_word' id='word_1_29' title='bbox 142 1539 221 1619; x_wconf 90' lang='lat' dir='ltr'><strong><em>lato,</em></strong></span> <span class='ocrx_word' id='word_1_30' title='bbox 236 1549 350 1621; x_wconf 78' lang='lat' dir='ltr'><strong><em>pretor</em></strong></span> <span class='ocrx_word' id='word_1_31' title='bbox 361 1561 464 1604; x_wconf 85' lang='lat' dir='ltr'><strong><em>eorum</em></strong></span> <span class='ocrx_word' id='word_1_32' title='bbox 477 1540 596 1602; x_wconf 85' lang='lat' dir='ltr'><strong><em>Annius</em></strong></span> <span class='ocrx_word' id='word_1_33' title='bbox 610 1539 648 1600; x_wconf 91' lang='lat' dir='ltr'><strong><em>de</em></strong></span> <span class='ocrx_word' id='word_1_34' title='bbox 667 1537 820 1619; x_wconf 90' lang='lat' dir='ltr'><strong><em>Capitolio</em></strong></span> <span class='ocrx_word' id='word_1_35' title='bbox 832 1539 879 1600; x_wconf 91' lang='lat' dir='ltr'><strong><em>ita</em></strong></span> <span class='ocrx_word' id='word_1_36' title='bbox 892 1535 1056 1619; x_wconf 84' lang='lat' dir='ltr'><strong><em>prolapsus</em></strong></span> <span class='ocrx_word' id='word_1_37' title='bbox 1076 1547 1134 1626; x_wconf 81' lang='lat' dir='ltr'><strong><em>est,</em></strong></span> <span class='ocrx_word' id='word_1_38' title='bbox 1157 1543 1193 1611; x_wconf 75' lang='lat' dir='ltr'><strong><em>ut</em></strong></span> 
     </span>
     <span class='ocr_line' id='line_1_7' title="bbox 141 1623 1192 1707; baseline -0.004 -17"><span class='ocrx_word' id='word_1_39' title='bbox 141 1628 380 1690; x_wconf 69' lang='lat' dir='ltr'><strong><em>exanimaretur.</em></strong></span> <span class='ocrx_word' id='word_1_40' title='bbox 429 1626 465 1688; x_wconf 89' lang='lat' dir='ltr'><strong><em>T.</em></strong></span> <span class='ocrx_word' id='word_1_41' title='bbox 486 1623 627 1688; x_wconf 85' lang='lat' dir='ltr'><strong><em>Manlisu</em></strong></span> <span class='ocrx_word' id='word_1_42' title='bbox 642 1623 868 1702; x_wconf 81' lang='lat' dir='ltr'><strong><em>eonsnlfilinm‚</em></strong></span> <span class='ocrx_word' id='word_1_43' title='bbox 892 1625 974 1707; x_wconf 77' lang='lat' dir='ltr'><strong><em>qnod</em></strong></span> <span class='ocrx_word' id='word_1_44' title='bbox 988 1632 1095 1687; x_wconf 73' lang='lat' dir='ltr'><strong><em>curua</em></strong></span> <span class='ocrx_word' id='word_1_45' title='bbox 1109 1623 1192 1686; x_wconf 85' lang='lat' dir='ltr'><strong><em>edic-</em></strong></span> 
     </span>
     <span class='ocr_line' id='line_1_8' title="bbox 142 1708 1193 1794; baseline -0.004 -18"><span class='ocrx_word' id='word_1_46' title='bbox 142 1721 207 1776; x_wconf 83' lang='lat' dir='ltr'><strong><em>ium</em></strong></span> <span class='ocrx_word' id='word_1_47' title='bbox 227 1715 372 1778; x_wconf 74' lang='lat' dir='ltr'><strong><em>odoasns</em></strong></span> <span class='ocrx_word' id='word_1_48' title='bbox 397 1711 536 1790; x_wconf 88' lang='lat' dir='ltr'><strong><em>Latinos,</em></strong></span> <span class='ocrx_word' id='word_1_49' title='bbox 559 1711 696 1794; x_wconf 74' lang='lat' dir='ltr'><strong><em>mramvis</em></strong></span> <span class='ocrx_word' id='word_1_50' title='bbox 712 1729 867 1791; x_wconf 80' lang='lat' dir='ltr'><strong><em>prospere,</em></strong></span> <span class='ocrx_word' id='word_1_51' title='bbox 890 1717 1071 1792; x_wconf 76' lang='lat' dir='ltr'><strong><em>pugnasset,</em></strong></span> <span class='ocrx_word' id='word_1_52' title='bbox 1095 1708 1193 1772; x_wconf 78' lang='lat' dir='ltr'><strong><em>semri</em></strong></span> 
     </span>
     <span class='ocr_line' id='line_1_9' title="bbox 137 1795 1193 1880; baseline -0.004 -18"><span class='ocrx_word' id='word_1_53' title='bbox 137 1801 298 1880; x_wconf 72' lang='lat' dir='ltr'><strong><em>percussit.</em></strong></span> <span class='ocrx_word' id='word_1_54' title='bbox 343 1797 571 1866; x_wconf 68' lang='lat' dir='ltr'><em>Laborantibus</em></span> <span class='ocrx_word' id='word_1_55' title='bbox 584 1799 617 1860; x_wconf 92' lang='lat' dir='ltr'><strong><em>in</em></strong></span> <span class='ocrx_word' id='word_1_56' title='bbox 631 1797 697 1860; x_wconf 84' lang='lat' dir='ltr'><strong><em>ocis</em></strong></span> <span class='ocrx_word' id='word_1_57' title='bbox 710 1796 877 1875; x_wconf 87' lang='lat' dir='ltr'><strong><em>Romanis,</em></strong></span> <span class='ocrx_word' id='word_1_58' title='bbox 901 1795 962 1860; x_wconf 89' lang='lat' dir='ltr'><strong><em>¹P.</em></strong></span> <span class='ocrx_word' id='word_1_59' title='bbox 977 1795 1105 1874; x_wconf 84' lang='lat' dir='ltr'><strong><em>Decius,</em></strong></span> <span class='ocrx_word' id='word_1_60' title='bbox 1120 1805 1193 1859; x_wconf 85' lang='lat' dir='ltr'><strong><em>tnnc</em></strong></span> 
     </span>
     <span class='ocr_line' id='line_1_10' title="bbox 140 1881 1194 1964; baseline -0.002 -18"><span class='ocrx_word' id='word_1_61' title='bbox 140 1885 245 1948; x_wconf 86' lang='lat' dir='ltr'><strong><em>consul</em></strong></span> <span class='ocrx_word' id='word_1_62' title='bbox 265 1905 334 1948; x_wconf 87' lang='lat' dir='ltr'><strong><em>cum</em></strong></span> <span class='ocrx_word' id='word_1_63' title='bbox 354 1881 487 1960; x_wconf 89' lang='lat' dir='ltr'><strong><em>Manlio,</em></strong></span> <span class='ocrx_word' id='word_1_64' title='bbox 511 1884 630 1946; x_wconf 84' lang='lat' dir='ltr'><strong><em>deuorrit</em></strong></span> <span class='ocrx_word' id='word_1_65' title='bbox 653 1903 686 1945; x_wconf 87' lang='lat' dir='ltr'><strong><em>se</em></strong></span> <span class='ocrx_word' id='word_1_66' title='bbox 705 1903 763 1964; x_wconf 87' lang='lat' dir='ltr'><strong><em>pro</em></strong></span> <span class='ocrx_word' id='word_1_67' title='bbox 788 1883 946 1946; x_wconf 70' lang='lat' dir='ltr'><strong><em>suasibus</em></strong></span> <span class='ocrx_word' id='word_1_68' title='bbox 972 1891 1014 1960; x_wconf 88' lang='lat' dir='ltr'><strong><em>et,</em></strong></span> <span class='ocrx_word' id='word_1_69' title='bbox 1040 1882 1194 1946; x_wconf 87' lang='lat' dir='ltr'><strong><em>concitato</em></strong></span> 
     </span>
     <span class='ocr_line' id='line_1_11' title="bbox 140 1967 1257 2056; baseline -0.004 -20"><span class='ocrx_word' id='word_1_70' title='bbox 140 1994 215 2056; x_wconf 80' lang='lat' dir='ltr'><strong><em>equo</em></strong></span> <span class='ocrx_word' id='word_1_71' title='bbox 235 1993 326 2056; x_wconf 78' lang='lat' dir='ltr'><strong><em>arrum</em></strong></span> <span class='ocrx_word' id='word_1_72' title='bbox 348 1973 381 2036; x_wconf 90' lang='lat' dir='ltr'><strong><em>in</em></strong></span> <span class='ocrx_word' id='word_1_73' title='bbox 401 1971 517 2034; x_wconf 90' lang='lat' dir='ltr'><strong><em>medios</em></strong></span> <span class='ocrx_word' id='word_1_74' title='bbox 540 1970 640 2034; x_wconf 89' lang='lat' dir='ltr'><strong><em>bostes</em></strong></span> <span class='ocrx_word' id='word_1_75' title='bbox 660 1991 692 2032; x_wconf 88' lang='lat' dir='ltr'><strong><em>se</em></strong></span> <span class='ocrx_word' id='word_1_76' title='bbox 717 1969 878 2047; x_wconf 84' lang='lat' dir='ltr'><strong><em>intulisset,</em></strong></span> <span class='ocrx_word' id='word_1_77' title='bbox 901 1967 1082 2048; x_wconf 76' lang='lat' dir='ltr'><strong><em>interfectus</em></strong></span> <span class='ocrx_word' id='word_1_78' title='bbox 1095 1978 1192 2032; x_wconf 81' lang='lat' dir='ltr'><strong><em>morie</em></strong></span> <span class='ocrx_word' id='word_1_79' title='bbox 1253 2011 1257 2018; x_wconf 83' lang='lat'><strong>·</strong></span> 
     </span>
     <span class='ocr_line' id='line_1_12' title="bbox 140 2055 1189 2122; baseline -0.006 0"><span class='ocrx_word' id='word_1_80' title='bbox 140 2078 198 2122; x_wconf 89' lang='lat' dir='ltr'><strong><em>sno</em></strong></span> <span class='ocrx_word' id='word_1_81' title='bbox 214 2057 366 2122; x_wconf 84' lang='lat' dir='ltr'><strong><em>Romanis</em></strong></span> <span class='ocrx_word' id='word_1_82' title='bbox 385 2058 545 2122; x_wconf 86' lang='lat' dir='ltr'><strong><em>victoriam</em></strong></span> <span class='ocrx_word' id='word_1_83' title='bbox 568 2057 709 2122; x_wconf 71' lang='lat' dir='ltr'><strong><em>restituit.</em></strong></span> <span class='ocrx_word' id='word_1_84' title='bbox 752 2055 866 2120; x_wconf 80' lang='lat' dir='ltr'><strong><em>Latim‘</em></strong></span> <span class='ocrx_word' id='word_1_85' title='bbox 885 2057 920 2118; x_wconf 89' lang='lat' dir='ltr'><strong><em>in</em></strong></span> <span class='ocrx_word' id='word_1_86' title='bbox 941 2055 1123 2118; x_wconf 85' lang='lat' dir='ltr'><strong><em>deditionem</em></strong></span> <span class='ocrx_word' id='word_1_87' title='bbox 1135 2075 1189 2116; x_wconf 83' lang='lat' dir='ltr'><strong><em>oe·</em></strong></span> 
     </span>
     <span class='ocr_line' id='line_1_13' title="bbox 127 2137 1191 2224; baseline -0.004 -16"><span class='ocrx_word' id='word_1_88' title='bbox 127 2154 264 2208; x_wconf 87' lang='lat' dir='ltr'><strong><em>nerunt.</em></strong></span> <span class='ocrx_word' id='word_1_89' title='bbox 313 2145 350 2208; x_wconf 89' lang='lat' dir='ltr'><strong><em>T.</em></strong></span> <span class='ocrx_word' id='word_1_90' title='bbox 368 2143 491 2206; x_wconf 87' lang='lat' dir='ltr'><strong><em>Manlio</em></strong></span> <span class='ocrx_word' id='word_1_91' title='bbox 503 2144 537 2206; x_wconf 81' lang='lat' dir='ltr'><strong><em>ist</em></strong></span> <span class='ocrx_word' id='word_1_92' title='bbox 549 2143 655 2206; x_wconf 83' lang='lat' dir='ltr'><strong><em>urbem</em></strong></span> <span class='ocrx_word' id='word_1_93' title='bbox 673 2159 793 2206; x_wconf 83' lang='lat' dir='ltr'><strong><em>reuerso</em></strong></span> <span class='ocrx_word' id='word_1_94' title='bbox 808 2161 896 2206; x_wconf 88' lang='lat' dir='ltr'><strong><em>nemo</em></strong></span> <span class='ocrx_word' id='word_1_95' title='bbox 915 2137 1122 2224; x_wconf 80' lang='lat' dir='ltr'><strong><em>erjnoeutnte</em></strong></span> <span class='ocrx_word' id='word_1_96' title='bbox 1136 2143 1191 2214; x_wconf 91' lang='lat' dir='ltr'><strong><em>ob-</em></strong></span> 
     </span>
     <span class='ocr_line' id='line_1_14' title="bbox 141 2227 1192 2312; baseline -0.003 -19"><span class='ocrx_word' id='word_1_97' title='bbox 141 2233 225 2294; x_wconf 87' lang='lat' dir='ltr'><strong><em>viam</em></strong></span> <span class='ocrx_word' id='word_1_98' title='bbox 236 2231 392 2312; x_wconf 71' lang='lat' dir='ltr'><strong><em>processit.</em></strong></span> <span class='ocrx_word' id='word_1_99' title='bbox 437 2227 579 2294; x_wconf 70' lang='lat' dir='ltr'><strong><em>Mancia</em></strong></span> <span class='ocrx_word' id='word_1_100' title='bbox 592 2229 682 2312; x_wconf 85' lang='lat' dir='ltr'><strong><em>virgo</em></strong></span> <span class='ocrx_word' id='word_1_101' title='bbox 703 2227 832 2292; x_wconf 75' lang='lat' dir='ltr'><strong><em>Vestalis</em></strong></span> <span class='ocrx_word' id='word_1_102' title='bbox 845 2229 952 2292; x_wconf 83' lang='lat' dir='ltr'><strong><em>incesti</em></strong></span> <span class='ocrx_word' id='word_1_103' title='bbox 973 2227 1123 2290; x_wconf 54' lang='lat' dir='ltr'><strong><em>&amp;mnata</em></strong></span> <span class='ocrx_word' id='word_1_104' title='bbox 1137 2235 1192 2292; x_wconf 85' lang='lat' dir='ltr'><strong><em>esi.</em></strong></span> 
     </span>
     <span class='ocr_line' id='line_1_15' title="bbox 143 2314 1192 2402; baseline -0.004 -22"><span class='ocrx_word' id='word_1_105' title='bbox 143 2318 318 2380; x_wconf 86' lang='lat' dir='ltr'><strong><em>Ausonibns</em></strong></span> <span class='ocrx_word' id='word_1_106' title='bbox 332 2317 430 2396; x_wconf 85' lang='lat' dir='ltr'><strong><em>victis,</em></strong></span> <span class='ocrx_word' id='word_1_107' title='bbox 441 2317 474 2378; x_wconf 87' lang='lat' dir='ltr'><strong><em>iu</em></strong></span> <span class='ocrx_word' id='word_1_108' title='bbox 488 2314 633 2398; x_wconf 83' lang='lat' dir='ltr'><strong><em>oppidum</em></strong></span> <span class='ocrx_word' id='word_1_109' title='bbox 648 2335 688 2378; x_wconf 77' lang='lat' dir='ltr'><strong><em>eu</em></strong></span> <span class='ocrx_word' id='word_1_110' title='bbox 702 2314 741 2382; x_wconf 83' lang='lat' dir='ltr'><strong><em>iis</em></strong></span> <span class='ocrx_word' id='word_1_111' title='bbox 756 2323 880 2396; x_wconf 85' lang='lat' dir='ltr'><strong><em>captam</em></strong></span> <span class='ocrx_word' id='word_1_112' title='bbox 898 2314 989 2378; x_wconf 83' lang='lat' dir='ltr'><strong><em>Gales</em></strong></span> <span class='ocrx_word' id='word_1_113' title='bbox 1003 2314 1123 2402; x_wconf 80' lang='lat' dir='ltr'><strong><em>colonia</em></strong></span> <span class='ocrx_word' id='word_1_114' title='bbox 1136 2315 1192 2376; x_wconf 92' lang='lat' dir='ltr'><strong><em>de-</em></strong></span> 
     </span>
     <span class='ocr_line' id='line_1_16' title="bbox 143 2397 1194 2486; baseline -0.002 -20"><span class='ocrx_word' id='word_1_115' title='bbox 143 2404 238 2466; x_wconf 88' lang='lat' dir='ltr'><strong><em>ducto</em></strong></span> <span class='ocrx_word' id='word_1_116' title='bbox 253 2413 307 2468; x_wconf 89' lang='lat' dir='ltr'><strong><em>est.</em></strong></span> <span class='ocrx_word' id='word_1_117' title='bbox 330 2409 343 2444; x_wconf 89' lang='lat'><strong>¹</strong></span> <span class='ocrx_word' id='word_1_118' title='bbox 357 2402 437 2466; x_wconf 89' lang='lat' dir='ltr'><strong><em>Item</em></strong></span> <span class='ocrx_word' id='word_1_119' title='bbox 451 2400 603 2486; x_wconf 80' lang='lat' dir='ltr'><strong><em>Fregellu</em></strong></span> <span class='ocrx_word' id='word_1_120' title='bbox 618 2400 737 2467; x_wconf 84' lang='lat' dir='ltr'><strong><em>colonia</em></strong></span> <span class='ocrx_word' id='word_1_121' title='bbox 752 2397 890 2466; x_wconf 74' lang='lat' dir='ltr'><strong><em>deducta</em></strong></span> <span class='ocrx_word' id='word_1_122' title='bbox 903 2410 984 2465; x_wconf 89' lang='lat' dir='ltr'><strong><em>suut.</em></strong></span> <span class='ocrx_word' id='word_1_123' title='bbox 1012 2399 1194 2479; x_wconf 69' lang='lat' dir='ltr'><strong><em>Verissimum</em></strong></span> 
     </span>
     <span class='ocr_line' id='line_1_17' title="bbox 143 2486 1194 2572; baseline 0 -20"><span class='ocrx_word' id='word_1_124' title='bbox 143 2489 342 2568; x_wconf 84' lang='lat' dir='ltr'><strong><em>complurium</em></strong></span> <span class='ocrx_word' id='word_1_125' title='bbox 359 2500 570 2554; x_wconf 82' lang='lat' dir='ltr'><strong><em>matronarum</em></strong></span> <span class='ocrx_word' id='word_1_126' title='bbox 590 2487 807 2569; x_wconf 83' lang='lat' dir='ltr'><strong><em>deprebensum</em></strong></span> <span class='ocrx_word' id='word_1_127' title='bbox 827 2497 892 2553; x_wconf 84' lang='lat' dir='ltr'><strong><em>est.-</em></strong></span> <span class='ocrx_word' id='word_1_128' title='bbox 913 2509 1042 2572; x_wconf 77' lang='lat' dir='ltr'><strong><em>quarum</em></strong></span> <span class='ocrx_word' id='word_1_129' title='bbox 1052 2486 1194 2568; x_wconf 77' lang='lat' dir='ltr'><strong><em>plurima</em></strong></span> 
     </span>
     <span class='ocr_line' id='line_1_18' title="bbox 141 2573 1194 2659; baseline -0.004 -18"><span class='ocrx_word' id='word_1_130' title='bbox 141 2579 251 2641; x_wconf 82' lang='lat' dir='ltr'><strong><em>stetim</em></strong></span> <span class='ocrx_word' id='word_1_131' title='bbox 280 2577 377 2659; x_wconf 87' lang='lat' dir='ltr'><strong><em>epotis</em></strong></span> <span class='ocrx_word' id='word_1_132' title='bbox 405 2575 653 2642; x_wconf 73' lang='lat' dir='ltr'><strong><em>medicaminibus</em></strong></span> <span class='ocrx_word' id='word_1_133' title='bbox 678 2575 843 2657; x_wconf 86' lang='lat' dir='ltr'><strong><em>perierunt.</em></strong></span> <span class='ocrx_word' id='word_1_134' title='bbox 876 2575 961 2641; x_wconf 81' lang='lat' dir='ltr'><strong><em>&#39;Les</em></strong></span> <span class='ocrx_word' id='word_1_135' title='bbox 985 2575 1025 2639; x_wconf 85' lang='lat' dir='ltr'><strong><em>de</em></strong></span> <span class='ocrx_word' id='word_1_136' title='bbox 1051 2573 1194 2653; x_wconf 75' lang='lat' dir='ltr'><strong><em>veneficio</em></strong></span> 
     </span>
     <span class='ocr_line' id='line_1_19' title="bbox 145 2652 1195 2747; baseline -0.003 -20"><span class='ocrx_word' id='word_1_137' title='bbox 145 2673 215 2727; x_wconf 88' lang='lat' dir='ltr'><strong><em>tuno</em></strong></span> <span class='ocrx_word' id='word_1_138' title='bbox 226 2665 360 2746; x_wconf 88' lang='lat' dir='ltr'><strong><em>primum</em></strong></span> <span class='ocrx_word' id='word_1_139' title='bbox 380 2662 546 2727; x_wconf 88' lang='lat' dir='ltr'><strong><em>constituta</em></strong></span> <span class='ocrx_word' id='word_1_140' title='bbox 561 2672 616 2725; x_wconf 91' lang='lat' dir='ltr'><strong><em>est.</em></strong></span> <span class='ocrx_word' id='word_1_141' title='bbox 673 2652 915 2741; x_wconf 68' lang='lat' dir='ltr'><strong><em>Priuernatibus,</em></strong></span> <span class='ocrx_word' id='word_1_142' title='bbox 941 2682 1034 2747; x_wconf 74' lang='lat' dir='ltr'><strong><em>mmm</em></strong></span> <span class='ocrx_word' id='word_1_143' title='bbox 1046 2662 1195 2725; x_wconf 74' lang='lat' dir='ltr'><strong><em>rebellas·</em></strong></span> 
     </span>
     <span class='ocr_line' id='line_1_20' title="bbox 143 2748 1195 2830; baseline -0.001 -17"><span class='ocrx_word' id='word_1_144' title='bbox 143 2761 219 2828; x_wconf 87' lang='lat' dir='ltr'><strong><em>seut,</em></strong></span> <span class='ocrx_word' id='word_1_145' title='bbox 234 2750 322 2815; x_wconf 84' lang='lat' dir='ltr'><strong><em>vietis</em></strong></span> <span class='ocrx_word' id='word_1_146' title='bbox 338 2752 446 2814; x_wconf 85' lang='lat' dir='ltr'><strong><em>civitas</em></strong></span> <span class='ocrx_word' id='word_1_147' title='bbox 460 2751 540 2814; x_wconf 89' lang='lat' dir='ltr'><strong><em>data</em></strong></span> <span class='ocrx_word' id='word_1_148' title='bbox 551 2758 605 2813; x_wconf 85' lang='lat' dir='ltr'><strong><em>esi.</em></strong></span> <span class='ocrx_word' id='word_1_149' title='bbox 651 2748 886 2830; x_wconf 80' lang='lat' dir='ltr'><strong><em>Palepolitani,</em></strong></span> <span class='ocrx_word' id='word_1_150' title='bbox 901 2748 980 2813; x_wconf 92' lang='lat' dir='ltr'><strong><em>bello</em></strong></span> <span class='ocrx_word' id='word_1_151' title='bbox 993 2757 1026 2812; x_wconf 89' lang='lat' dir='ltr'><strong><em>et</em></strong></span> <span class='ocrx_word' id='word_1_152' title='bbox 1039 2748 1195 2813; x_wconf 80' lang='lat' dir='ltr'><strong><em>obsidione</em></strong></span> 
     </span>
     <span class='ocr_line' id='line_1_21' title="bbox 142 2836 1194 2921; baseline 0 -22"><span class='ocrx_word' id='word_1_153' title='bbox 142 2838 226 2917; x_wconf 85' lang='lat' dir='ltr'><strong><em>victi,</em></strong></span> <span class='ocrx_word' id='word_1_154' title='bbox 241 2838 275 2903; x_wconf 87' lang='lat' dir='ltr'><strong><em>in</em></strong></span> <span class='ocrx_word' id='word_1_155' title='bbox 286 2839 471 2901; x_wconf 81' lang='lat' dir='ltr'><strong><em>deditionem</em></strong></span> <span class='ocrx_word' id='word_1_156' title='bbox 479 2845 637 2901; x_wconf 81' lang='lat' dir='ltr'><strong><em>venerunt.</em></strong></span> <span class='ocrx_word' id='word_1_157' title='bbox 663 2836 723 2907; x_wconf 81' lang='lat' dir='ltr'><strong><em>³Q.</em></strong></span> <span class='ocrx_word' id='word_1_158' title='bbox 740 2836 885 2915; x_wconf 85' lang='lat' dir='ltr'><strong><em>Publilio,</em></strong></span> <span class='ocrx_word' id='word_1_159' title='bbox 899 2838 1011 2921; x_wconf 79' lang='lat' dir='ltr'><strong><em>qrsieos</em></strong></span> <span class='ocrx_word' id='word_1_160' title='bbox 1024 2836 1194 2914; x_wconf 86' lang='lat' dir='ltr'><strong><em>obsederat,</em></strong></span> 
     </span>
     <span class='ocr_line' id='line_1_22' title="bbox 140 2923 1194 3006; baseline -0.002 -19"><span class='ocrx_word' id='word_1_161' title='bbox 140 2926 240 3005; x_wconf 88' lang='lat' dir='ltr'><strong><em>primo</em></strong></span> <span class='ocrx_word' id='word_1_162' title='bbox 259 2934 289 2987; x_wconf 88' lang='lat' dir='ltr'><strong><em>et</em></strong></span> <span class='ocrx_word' id='word_1_163' title='bbox 309 2925 469 3005; x_wconf 79' lang='lat' dir='ltr'><strong><em>imperium</em></strong></span> <span class='ocrx_word' id='word_1_164' title='bbox 480 2926 647 3006; x_wconf 84' lang='lat' dir='ltr'><strong><em>prolatum,</em></strong></span> <span class='ocrx_word' id='word_1_165' title='bbox 671 2931 702 2987; x_wconf 88' lang='lat' dir='ltr'><strong><em>et</em></strong></span> <span class='ocrx_word' id='word_1_166' title='bbox 723 2944 780 3004; x_wconf 82' lang='lat' dir='ltr'><strong><em>pro</em></strong></span> <span class='ocrx_word' id='word_1_167' title='bbox 796 2923 917 2986; x_wconf 87' lang='lat' dir='ltr'><strong><em>consule</em></strong></span> <span class='ocrx_word' id='word_1_168' title='bbox 932 2925 1072 2987; x_wconf 85' lang='lat' dir='ltr'><strong><em>decretus</em></strong></span> <span class='ocrx_word' id='word_1_169' title='bbox 1085 2923 1194 2985; x_wconf 73' lang='lat' dir='ltr'><strong><em>ubim-</em></strong></span> 
     </span>
     <span class='ocr_line' id='line_1_23' title="bbox 141 3009 1196 3091; baseline -0.002 -18"><span class='ocrx_word' id='word_1_170' title='bbox 141 3010 232 3091; x_wconf 88' lang='lat' dir='ltr'><strong><em>pbns.</em></strong></span> <span class='ocrx_word' id='word_1_171' title='bbox 280 3010 370 3073; x_wconf 82' lang='lat' dir='ltr'><strong><em>Plebs</em></strong></span> <span class='ocrx_word' id='word_1_172' title='bbox 384 3032 463 3073; x_wconf 80' lang='lat' dir='ltr'><strong><em>mesu</em></strong></span> <span class='ocrx_word' id='word_1_173' title='bbox 484 3011 613 3075; x_wconf 89' lang='lat' dir='ltr'><strong><em>liberato</em></strong></span> <span class='ocrx_word' id='word_1_174' title='bbox 634 3018 679 3072; x_wconf 88' lang='lat' dir='ltr'><strong><em>est</em></strong></span> <span class='ocrx_word' id='word_1_175' title='bbox 697 3018 823 3089; x_wconf 81' lang='lat' dir='ltr'><strong><em>propter</em></strong></span> <span class='ocrx_word' id='word_1_176' title='bbox 836 3010 882 3073; x_wconf 73' lang='lat'><strong><em>1..</em></strong></span> <span class='ocrx_word' id='word_1_177' title='bbox 899 3009 1024 3091; x_wconf 85' lang='lat' dir='ltr'><strong><em>Papirii</em></strong></span> <span class='ocrx_word' id='word_1_178' title='bbox 1039 3009 1196 3073; x_wconf 77' lang='lat' dir='ltr'><strong><em>creditoris</em></strong></span> 
     </span>
    </p>
   </div>
   <div class='ocr_carea' id='block_1_4' title="bbox 146 3090 1287 3179">
    <p class='ocr_par' dir='ltr' id='par_1_4' title="bbox 146 3090 1287 3179">
     <span class='ocr_line' id='line_1_24' title="bbox 146 3090 1287 3179; baseline 0 -22"><span class='ocrx_word' id='word_1_179' title='bbox 146 3096 309 3175; x_wconf 83' lang='lat' dir='ltr'><strong><em>libidinem,</em></strong></span> <span class='ocrx_word' id='word_1_180' title='bbox 329 3098 380 3179; x_wconf 83' lang='lat' dir='ltr'><strong><em>qni</em></strong></span> <span class='ocrx_word' id='word_1_181' title='bbox 398 3098 433 3159; x_wconf 88' lang='lat' dir='ltr'><strong><em>C.</em></strong></span> <span class='ocrx_word' id='word_1_182' title='bbox 451 3095 586 3159; x_wconf 86' lang='lat' dir='ltr'><strong><em>Publilio</em></strong></span> <span class='ocrx_word' id='word_1_183' title='bbox 601 3095 729 3157; x_wconf 77' lang='lat' dir='ltr'><strong><em>debitori</em></strong></span> <span class='ocrx_word' id='word_1_184' title='bbox 742 3116 797 3158; x_wconf 86' lang='lat' dir='ltr'><strong><em>sno</em></strong></span> <span class='ocrx_word' id='word_1_185' title='bbox 811 3105 952 3176; x_wconf 81' lang='lat' dir='ltr'><strong><em>stuprum</em></strong></span> <span class='ocrx_word' id='word_1_186' title='bbox 964 3090 1079 3173; x_wconf 76' lang='lat' dir='ltr'><strong><em>inferre</em></strong></span> <span class='ocrx_word' id='word_1_187' title='bbox 1090 3096 1195 3159; x_wconf 86' lang='lat' dir='ltr'><strong><em>volue·</em></strong></span> <span class='ocrx_word' id='word_1_188' title='bbox 1282 3100 1287 3111; x_wconf 90' lang='grc'><strong><em>’</em></strong></span> 
     </span>
    </p>
   </div>
   <div class='ocr_carea' id='block_1_5' title="bbox 141 3182 1278 3872">
    <p class='ocr_par' dir='ltr' id='par_1_5' title="bbox 141 3182 1278 3872">
     <span class='ocr_line' id='line_1_25' title="bbox 144 3182 1194 3262; baseline 0 -18"><span class='ocrx_word' id='word_1_189' title='bbox 144 3190 206 3245; x_wconf 89' lang='lat' dir='ltr'><strong><em>rat.</em></strong></span> <span class='ocrx_word' id='word_1_190' title='bbox 253 3182 353 3253; x_wconf 84' lang='lat' dir='ltr'><strong><em>Quum</em></strong></span> <span class='ocrx_word' id='word_1_191' title='bbox 367 3182 410 3249; x_wconf 89' lang='lat' dir='ltr'><strong><em>L.</em></strong></span> <span class='ocrx_word' id='word_1_192' title='bbox 427 3182 577 3262; x_wconf 85' lang='lat' dir='ltr'><strong><em>Papirius</em></strong></span> <span class='ocrx_word' id='word_1_193' title='bbox 591 3182 725 3244; x_wconf 90' lang='lat' dir='ltr'><strong><em>dictator</em></strong></span> <span class='ocrx_word' id='word_1_194' title='bbox 740 3201 877 3245; x_wconf 84' lang='lat' dir='ltr'><strong><em>reuersus</em></strong></span> <span class='ocrx_word' id='word_1_195' title='bbox 887 3182 921 3245; x_wconf 87' lang='lat' dir='ltr'><strong><em>in</em></strong></span> <span class='ocrx_word' id='word_1_196' title='bbox 933 3183 1041 3243; x_wconf 86' lang='lat' dir='ltr'><strong><em>urbem</em></strong></span> <span class='ocrx_word' id='word_1_197' title='bbox 1051 3182 1091 3243; x_wconf 87' lang='lat' dir='ltr'><strong><em>ab</em></strong></span> <span class='ocrx_word' id='word_1_198' title='bbox 1105 3201 1194 3244; x_wconf 76' lang='lat' dir='ltr'><strong><em>erer-</em></strong></span> 
     </span>
     <span class='ocr_line' id='line_1_26' title="bbox 146 3266 1196 3351; baseline -0.001 -20"><span class='ocrx_word' id='word_1_199' title='bbox 146 3271 209 3331; x_wconf 86' lang='lat' dir='ltr'><strong><em>oitn</em></strong></span> <span class='ocrx_word' id='word_1_200' title='bbox 231 3276 309 3331; x_wconf 88' lang='lat' dir='ltr'><strong><em>esset</em></strong></span> <span class='ocrx_word' id='word_1_201' title='bbox 331 3277 457 3350; x_wconf 88' lang='lat' dir='ltr'><strong><em>propter</em></strong></span> <span class='ocrx_word' id='word_1_202' title='bbox 483 3267 620 3349; x_wconf 82' lang='lat' dir='ltr'><strong><em>ompisia</em></strong></span> <span class='ocrx_word' id='word_1_203' title='bbox 648 3268 823 3347; x_wconf 85' lang='lat' dir='ltr'><strong><em>repetenda,</em></strong></span> <span class='ocrx_word' id='word_1_204' title='bbox 848 3268 888 3339; x_wconf 85' lang='lat' dir='ltr'><strong><em>Q.</em></strong></span> <span class='ocrx_word' id='word_1_205' title='bbox 911 3266 1027 3331; x_wconf 79' lang='lat' dir='ltr'><strong><em>Fabius</em></strong></span> <span class='ocrx_word' id='word_1_206' title='bbox 1047 3269 1196 3351; x_wconf 74' lang='lat' dir='ltr'><strong><em>nsagirter</em></strong></span> 
     </span>
     <span class='ocr_line' id='line_1_27' title="bbox 146 3352 1196 3452; baseline -0.002 -33"><span class='ocrx_word' id='word_1_207' title='bbox 146 3355 288 3452; x_wconf 73' lang='lat' dir='ltr'><strong><em>spritum,</em></strong></span> <span class='ocrx_word' id='word_1_208' title='bbox 302 3355 462 3417; x_wconf 85' lang='lat' dir='ltr'><strong><em>occasione</em></strong></span> <span class='ocrx_word' id='word_1_209' title='bbox 475 3355 520 3416; x_wconf 91' lang='lat' dir='ltr'><strong><em>rei</em></strong></span> <span class='ocrx_word' id='word_1_210' title='bbox 534 3355 608 3417; x_wconf 88' lang='lat' dir='ltr'><strong><em>bene</em></strong></span> <span class='ocrx_word' id='word_1_211' title='bbox 621 3352 933 3437; x_wconf 65' lang='lat' dir='ltr'><strong><em>geometrarum,</em></strong></span> <span class='ocrx_word' id='word_1_212' title='bbox 948 3361 1055 3419; x_wconf 86' lang='lat' dir='ltr'><strong><em>contra</em></strong></span> <span class='ocrx_word' id='word_1_213' title='bbox 1064 3354 1196 3417; x_wconf 75' lang='lat' dir='ltr'><strong><em>eduum</em></strong></span> 
     </span>
     <span class='ocr_line' id='line_1_28' title="bbox 146 3438 1195 3525; baseline -0.002 -20"><span class='ocrx_word' id='word_1_214' title='bbox 146 3462 212 3524; x_wconf 67' lang='lat' dir='ltr'><strong><em>epus</em></strong></span> <span class='ocrx_word' id='word_1_215' title='bbox 221 3461 367 3523; x_wconf 85' lang='lat' dir='ltr'><strong><em>prospere</em></strong></span> <span class='ocrx_word' id='word_1_216' title='bbox 382 3442 529 3505; x_wconf 82' lang='lat' dir='ltr'><strong><em>adversus</em></strong></span> <span class='ocrx_word' id='word_1_217' title='bbox 546 3438 703 3525; x_wconf 78' lang='lat' dir='ltr'><strong><em>Samnites</em></strong></span> <span class='ocrx_word' id='word_1_218' title='bbox 716 3441 878 3524; x_wconf 84' lang='lat' dir='ltr'><strong><em>pugnavit.</em></strong></span> <span class='ocrx_word' id='word_1_219' title='bbox 909 3442 956 3505; x_wconf 91' lang='lat' dir='ltr'><strong><em>Ob</em></strong></span> <span class='ocrx_word' id='word_1_220' title='bbox 969 3460 1039 3503; x_wconf 92' lang='lat' dir='ltr'><strong><em>eam</em></strong></span> <span class='ocrx_word' id='word_1_221' title='bbox 1054 3460 1195 3504; x_wconf 86' lang='lat' dir='ltr'><strong><em>caussam</em></strong></span> 
     </span>
     <span class='ocr_line' id='line_1_29' title="bbox 145 3527 1278 3613; baseline 0.001 -22"><span class='ocrx_word' id='word_1_222' title='bbox 145 3548 236 3613; x_wconf 84' lang='lat' dir='ltr'><strong><em>quum</em></strong></span> <span class='ocrx_word' id='word_1_223' title='bbox 250 3529 383 3591; x_wconf 90' lang='lat' dir='ltr'><strong><em>dictator</em></strong></span> <span class='ocrx_word' id='word_1_224' title='bbox 405 3528 444 3591; x_wconf 90' lang='lat' dir='ltr'><strong><em>de</em></strong></span> <span class='ocrx_word' id='word_1_225' title='bbox 467 3528 618 3613; x_wconf 81' lang='lat' dir='ltr'><strong><em>otogistro</em></strong></span> <span class='ocrx_word' id='word_1_226' title='bbox 633 3527 766 3613; x_wconf 80' lang='lat' dir='ltr'><strong><em>equitnm</em></strong></span> <span class='ocrx_word' id='word_1_227' title='bbox 784 3527 965 3611; x_wconf 80' lang='lat' dir='ltr'><strong><em>suppliciam</em></strong></span> <span class='ocrx_word' id='word_1_228' title='bbox 978 3536 1134 3591; x_wconf 78' lang='lat' dir='ltr'><strong><em>santones</em></strong></span> <span class='ocrx_word' id='word_1_229' title='bbox 1145 3530 1194 3591; x_wconf 88' lang='lat' dir='ltr'><strong><em>oi-</em></strong></span> <span class='ocrx_word' id='word_1_230' title='bbox 1266 3566 1278 3592; x_wconf 50' lang='lat' dir='ltr'><strong><em>s</em></strong></span> 
     </span>
     <span class='ocr_line' id='line_1_30' title="bbox 147 3613 1195 3699; baseline 0.003 -23"><span class='ocrx_word' id='word_1_231' title='bbox 147 3617 277 3694; x_wconf 71' lang='lat' dir='ltr'><strong><em>derebus,</em></strong></span> <span class='ocrx_word' id='word_1_232' title='bbox 298 3614 416 3679; x_wconf 82' lang='lat' dir='ltr'><strong><em>Fabius</em></strong></span> <span class='ocrx_word' id='word_1_233' title='bbox 441 3613 574 3679; x_wconf 83' lang='lat' dir='ltr'><strong><em>Romam</em></strong></span> <span class='ocrx_word' id='word_1_234' title='bbox 597 3615 758 3699; x_wconf 76' lang='lat' dir='ltr'><strong><em>profugit:</em></strong></span> <span class='ocrx_word' id='word_1_235' title='bbox 781 3624 823 3695; x_wconf 89' lang='lat' dir='ltr'><strong><em>et,</em></strong></span> <span class='ocrx_word' id='word_1_236' title='bbox 907 3638 938 3679; x_wconf 92' lang='lat' dir='ltr'><strong><em>m</em></strong></span> <span class='ocrx_word' id='word_1_237' title='bbox 960 3634 1070 3679; x_wconf 82' lang='lat' dir='ltr'><strong><em>caussa</em></strong></span> <span class='ocrx_word' id='word_1_238' title='bbox 1083 3634 1195 3695; x_wconf 84' lang='lat' dir='ltr'><strong><em>pamm</em></strong></span> 
     </span>
     <span class='ocr_line' id='line_1_31' title="bbox 141 3699 1195 3785; baseline 0.001 -22"><span class='ocrx_word' id='word_1_239' title='bbox 141 3700 313 3784; x_wconf 76' lang='lat' dir='ltr'><strong><em>proficeret,</em></strong></span> <span class='ocrx_word' id='word_1_240' title='bbox 328 3699 433 3783; x_wconf 89' lang='lat' dir='ltr'><strong><em>populi</em></strong></span> <span class='ocrx_word' id='word_1_241' title='bbox 445 3703 582 3783; x_wconf 86' lang='lat' dir='ltr'><strong><em>precibus</em></strong></span> <span class='ocrx_word' id='word_1_242' title='bbox 596 3702 732 3764; x_wconf 88' lang='lat' dir='ltr'><strong><em>donatus</em></strong></span> <span class='ocrx_word' id='word_1_243' title='bbox 745 3712 800 3765; x_wconf 90' lang='lat' dir='ltr'><strong><em>est.</em></strong></span> <span class='ocrx_word' id='word_1_244' title='bbox 877 3724 910 3767; x_wconf 93' lang='lat' dir='ltr'><strong><em>es</em></strong></span> <span class='ocrx_word' id='word_1_245' title='bbox 921 3711 1073 3785; x_wconf 76' lang='lat' dir='ltr'><strong><em>preterea</em></strong></span> <span class='ocrx_word' id='word_1_246' title='bbox 1088 3710 1195 3765; x_wconf 86' lang='lat' dir='ltr'><strong><em>contra</em></strong></span> 
     </span>
     <span class='ocr_line' id='line_1_32' title="bbox 148 3786 732 3872; baseline 0.005 -21"><span class='ocrx_word' id='word_1_247' title='bbox 148 3786 300 3852; x_wconf 87' lang='lat' dir='ltr'><strong><em>Samnites</em></strong></span> <span class='ocrx_word' id='word_1_248' title='bbox 310 3808 455 3871; x_wconf 82' lang='lat' dir='ltr'><strong><em>prospere</em></strong></span> <span class='ocrx_word' id='word_1_249' title='bbox 468 3797 575 3872; x_wconf 83' lang='lat' dir='ltr'><strong><em>gestas</em></strong></span> <span class='ocrx_word' id='word_1_250' title='bbox 590 3788 732 3854; x_wconf 84' lang='lat' dir='ltr'><strong><em>continet.</em></strong></span> 
     </span>
    </p>
   </div>
   <div class='ocr_carea' id='block_1_6' title="bbox 146 3956 1196 4092">
    <p class='ocr_par' dir='ltr' id='par_1_6' title="bbox 146 3956 1196 4092">
     <span class='ocr_line' id='line_1_33' title="bbox 179 3956 1196 4025; baseline 0.003 -18"><span class='ocrx_word' id='word_1_251' title='bbox 179 3956 651 4021; x_wconf 54' lang='lat' dir='ltr'><strong><em>tenutusronsuuutsmbtantu]</em></strong></span> <span class='ocrx_word' id='word_1_252' title='bbox 717 3958 1196 4025; x_wconf 72' lang='lat' dir='ltr'><strong><em>⁸Q.Pablilio...primostimperirtm</em></strong></span> 
     </span>
     <span class='ocr_line' id='line_1_34' title="bbox 146 4023 1195 4092; baseline 0.003 -18"><span class='ocrx_word' id='word_1_253' title='bbox 146 4024 238 4090; x_wconf 67' lang='lat' dir='ltr'><strong><em>Adiecit</em></strong></span> <span class='ocrx_word' id='word_1_254' title='bbox 261 4025 366 4086; x_wconf 77' lang='lat' dir='ltr'><strong><em>Sigonius</em></strong></span> <span class='ocrx_word' id='word_1_255' title='bbox 389 4042 469 4075; x_wconf 83' lang='lat' dir='ltr'><strong><em>vocem</em></strong></span> <span class='ocrx_word' id='word_1_256' title='bbox 494 4024 577 4083; x_wconf 75' lang='lat' dir='ltr'><strong><em>corsml,</em></strong></span> <span class='ocrx_word' id='word_1_257' title='bbox 602 4040 654 4088; x_wconf 78' lang='lat' dir='ltr'><strong><em>quoe</em></strong></span> <span class='ocrx_word' id='word_1_258' title='bbox 683 4025 805 4087; x_wconf 77' lang='lat' dir='ltr'><strong><em>prolatum,</em></strong></span> <span class='ocrx_word' id='word_1_259' title='bbox 831 4038 854 4076; x_wconf 87' lang='lat' dir='ltr'><strong><em>et</em></strong></span> <span class='ocrx_word' id='word_1_260' title='bbox 876 4028 1014 4092; x_wconf 82' lang='lat' dir='ltr'><strong><em>procomulr]</em></strong></span> <span class='ocrx_word' id='word_1_261' title='bbox 1046 4023 1126 4089; x_wconf 77' lang='lat' dir='ltr'><strong><em>Hujus</em></strong></span> <span class='ocrx_word' id='word_1_262' title='bbox 1150 4026 1195 4077; x_wconf 84' lang='lat' dir='ltr'><strong><em>loci</em></strong></span> 
     </span>
    </p>
   </div>
   <div class='ocr_carea' id='block_1_7' title="bbox 49 4092 1193 4156">
    <p class='ocr_par' dir='ltr' id='par_1_7' title="bbox 49 4092 1193 4156">
     <span class='ocr_line' id='line_1_35' title="bbox 49 4092 1193 4156; baseline -0.001 -14"><span class='ocrx_word' id='word_1_263' title='bbox 49 4098 56 4109; x_wconf 90' lang='grc'><em>“</em></span> <span class='ocrx_word' id='word_1_264' title='bbox 80 4107 85 4117; x_wconf 85' lang='grc'><strong>’</strong></span> <span class='ocrx_word' id='word_1_265' title='bbox 147 4103 210 4142; x_wconf 80' lang='lat' dir='ltr'><strong><em>recte</em></strong></span> <span class='ocrx_word' id='word_1_266' title='bbox 221 4092 243 4139; x_wconf 84' lang='lat' dir='ltr'><strong><em>ei</em></strong></span> <span class='ocrx_word' id='word_1_267' title='bbox 255 4092 381 4143; x_wconf 66' lang='lat' dir='ltr'><strong><em>necem</em></strong></span> <span class='ocrx_word' id='word_1_268' title='bbox 392 4092 440 4139; x_wconf 76' lang='lat' dir='ltr'><strong><em>visu</em></strong></span> <span class='ocrx_word' id='word_1_269' title='bbox 450 4103 493 4141; x_wconf 80' lang='lat' dir='ltr'><strong><em>est.</em></strong></span> <span class='ocrx_word' id='word_1_270' title='bbox 687 4093 817 4154; x_wconf 70' lang='lat' dir='ltr'><strong><em>emendetis</em></strong></span> <span class='ocrx_word' id='word_1_271' title='bbox 851 4093 951 4146; x_wconf 73' lang='lat' dir='ltr'><strong><em>debetur</em></strong></span> <span class='ocrx_word' id='word_1_272' title='bbox 984 4092 1088 4156; x_wconf 60' lang='lat' dir='ltr'><strong><em>Sironis,</em></strong></span> <span class='ocrx_word' id='word_1_273' title='bbox 1122 4106 1193 4153; x_wconf 87' lang='lat' dir='ltr'><strong><em>quum</em></strong></span> 
     </span>
    </p>
   </div>
   <div class='ocr_carea' id='block_1_8' title="bbox 145 4154 1195 4611">
    <p class='ocr_par' dir='ltr' id='par_1_8' title="bbox 145 4154 1195 4611">
     <span class='ocr_line' id='line_1_36' title="bbox 177 4154 1195 4221; baseline 0.002 -18"><span class='ocrx_word' id='word_1_274' title='bbox 177 4156 189 4189; x_wconf 69' lang='lat'>⁹</span> <span class='ocrx_word' id='word_1_275' title='bbox 206 4155 261 4205; x_wconf 80' lang='lat' dir='ltr'><strong><em>Item</em></strong></span> <span class='ocrx_word' id='word_1_276' title='bbox 271 4156 377 4221; x_wconf 77' lang='lat' dir='ltr'><strong><em>b&#39;regelloe</em></strong></span> <span class='ocrx_word' id='word_1_277' title='bbox 386 4158 470 4205; x_wconf 86' lang='lat' dir='ltr'><strong><em>oolonia</em></strong></span> <span class='ocrx_word' id='word_1_278' title='bbox 480 4156 577 4206; x_wconf 80' lang='lat' dir='ltr'><strong><em>deducta</em></strong></span> <span class='ocrx_word' id='word_1_279' title='bbox 588 4154 651 4218; x_wconf 86' lang='lat' dir='ltr'><strong><em>sunt]</em></strong></span> <span class='ocrx_word' id='word_1_280' title='bbox 686 4157 748 4221; x_wconf 74' lang='lat' dir='ltr'><strong><em>prius</em></strong></span> <span class='ocrx_word' id='word_1_281' title='bbox 768 4158 897 4219; x_wconf 75' lang='lat' dir='ltr'><strong><em>legeretur:</em></strong></span> <span class='ocrx_word' id='word_1_282' title='bbox 926 4159 955 4213; x_wconf 81' lang='lat' dir='ltr'><strong><em>Q.</em></strong></span> <span class='ocrx_word' id='word_1_283' title='bbox 969 4158 1078 4209; x_wconf 73' lang='lat' dir='ltr'><strong><em>&#39;Publilio</em></strong></span> <span class='ocrx_word' id='word_1_284' title='bbox 1089 4191 1097 4205; x_wconf 91' lang='lat'><strong><em>.</em></strong></span> <span class='ocrx_word' id='word_1_285' title='bbox 1109 4191 1116 4205; x_wconf 86' lang='lat'><strong><em>.</em></strong></span> <span class='ocrx_word' id='word_1_286' title='bbox 1130 4192 1136 4205; x_wconf 99' lang='lat'><strong><em>.</em></strong></span> <span class='ocrx_word' id='word_1_287' title='bbox 1143 4160 1195 4219; x_wconf 81' lang='lat' dir='ltr'><strong><em>pri·</em></strong></span> 
     </span>
     <span class='ocr_line' id='line_1_37' title="bbox 146 4218 1193 4287; baseline 0.007 -20"><span class='ocrx_word' id='word_1_288' title='bbox 146 4218 190 4269; x_wconf 78' lang='lat' dir='ltr'><strong><em>vet</em></strong></span> <span class='ocrx_word' id='word_1_289' title='bbox 204 4221 326 4283; x_wconf 75' lang='lat' dir='ltr'><strong><em>legendum</em></strong></span> <span class='ocrx_word' id='word_1_290' title='bbox 343 4234 387 4278; x_wconf 83' lang='lat' dir='ltr'><strong><em>est,</em></strong></span> <span class='ocrx_word' id='word_1_291' title='bbox 405 4220 510 4287; x_wconf 77' lang='lat' dir='ltr'><strong><em>Fregelle</em></strong></span> <span class='ocrx_word' id='word_1_292' title='bbox 520 4222 602 4271; x_wconf 81' lang='lat' dir='ltr'><strong><em>eolrnia</em></strong></span> <span class='ocrx_word' id='word_1_293' title='bbox 613 4222 652 4269; x_wconf 87' lang='lat' dir='ltr'><strong><em>de·</em></strong></span> <span class='ocrx_word' id='word_1_294' title='bbox 684 4238 745 4269; x_wconf 85' lang='lat' dir='ltr'><strong><em>mrtm</em></strong></span> <span class='ocrx_word' id='word_1_295' title='bbox 765 4225 881 4285; x_wconf 72' lang='lat' dir='ltr'><strong><em>imperim</em></strong></span> <span class='ocrx_word' id='word_1_296' title='bbox 900 4228 1021 4286; x_wconf 70' lang='lat' dir='ltr'><strong><em>putarem,</em></strong></span> <span class='ocrx_word' id='word_1_297' title='bbox 1040 4232 1063 4273; x_wconf 80' lang='lat' dir='ltr'><strong><em>tt</em></strong></span> <span class='ocrx_word' id='word_1_298' title='bbox 1081 4238 1122 4283; x_wconf 74' lang='lat' dir='ltr'><strong><em>per</em></strong></span> <span class='ocrx_word' id='word_1_299' title='bbox 1141 4240 1193 4273; x_wconf 79' lang='lat' dir='ltr'><strong><em>cott-</em></strong></span> 
     </span>
     <span class='ocr_line' id='line_1_38' title="bbox 145 4286 1191 4353; baseline 0.001 -21"><span class='ocrx_word' id='word_1_300' title='bbox 145 4288 212 4333; x_wconf 86' lang='lat' dir='ltr'><strong><em>duota</em></strong></span> <span class='ocrx_word' id='word_1_301' title='bbox 226 4296 266 4345; x_wconf 82' lang='lat' dir='ltr'><strong><em>est,</em></strong></span> <span class='ocrx_word' id='word_1_302' title='bbox 281 4286 471 4349; x_wconf 80' lang='lat' dir='ltr'><strong><em>quemadmodum</em></strong></span> <span class='ocrx_word' id='word_1_303' title='bbox 488 4286 527 4335; x_wconf 88' lang='lat' dir='ltr'><strong><em>lib.</em></strong></span> <span class='ocrx_word' id='word_1_304' title='bbox 544 4286 570 4335; x_wconf 78' lang='lat' dir='ltr'><strong><em>tl.</em></strong></span> <span class='ocrx_word' id='word_1_305' title='bbox 588 4302 609 4336; x_wconf 89' lang='lat' dir='ltr'><strong><em>c.</em></strong></span> <span class='ocrx_word' id='word_1_306' title='bbox 626 4290 651 4337; x_wconf 85' lang='lat'><strong><em>³.</em></strong></span> <span class='ocrx_word' id='word_1_307' title='bbox 684 4286 769 4335; x_wconf 68' lang='lat' dir='ltr'><strong><em>causei</em></strong></span> <span class='ocrx_word' id='word_1_308' title='bbox 779 4290 879 4337; x_wconf 83' lang='lat' dir='ltr'><strong><em>decretur</em></strong></span> <span class='ocrx_word' id='word_1_309' title='bbox 889 4291 1020 4353; x_wconf 69' lang='lat' dir='ltr'><strong><em>triumphus.</em></strong></span> <span class='ocrx_word' id='word_1_310' title='bbox 1061 4288 1132 4336; x_wconf 79' lang='lat' dir='ltr'><strong><em>Suam</em></strong></span> <span class='ocrx_word' id='word_1_311' title='bbox 1144 4289 1191 4339; x_wconf 81' lang='lat' dir='ltr'><strong><em>lec.</em></strong></span> 
     </span>
     <span class='ocr_line' id='line_1_39' title="bbox 145 4350 1191 4418; baseline 0.006 -21"><span class='ocrx_word' id='word_1_312' title='bbox 145 4351 228 4397; x_wconf 83' lang='lat' dir='ltr'><strong><em>oolouiu</em></strong></span> <span class='ocrx_word' id='word_1_313' title='bbox 244 4350 338 4401; x_wconf 78' lang='lat' dir='ltr'><strong><em>Carseoli</em></strong></span> <span class='ocrx_word' id='word_1_314' title='bbox 354 4354 449 4401; x_wconf 86' lang='lat' dir='ltr'><strong><em>deducto</em></strong></span> <span class='ocrx_word' id='word_1_315' title='bbox 467 4362 531 4409; x_wconf 87' lang='lat' dir='ltr'><strong><em>erot;</em></strong></span> <span class='ocrx_word' id='word_1_316' title='bbox 547 4352 594 4411; x_wconf 83' lang='lat' dir='ltr'><strong><em>vel,</em></strong></span> <span class='ocrx_word' id='word_1_317' title='bbox 613 4367 651 4399; x_wconf 86' lang='lat' dir='ltr'><strong><em>re·</em></strong></span> <span class='ocrx_word' id='word_1_318' title='bbox 684 4350 771 4401; x_wconf 83' lang='lat' dir='ltr'><strong><em>tionem</em></strong></span> <span class='ocrx_word' id='word_1_319' title='bbox 792 4354 898 4403; x_wconf 66' lang='lat' dir='ltr'><strong><em>formarit</em></strong></span> <span class='ocrx_word' id='word_1_320' title='bbox 920 4355 1025 4417; x_wconf 68' lang='lat' dir='ltr'><strong><em>Sigonius</em></strong></span> <span class='ocrx_word' id='word_1_321' title='bbox 1046 4369 1077 4401; x_wconf 81' lang='lat' dir='ltr'><strong><em>ex</em></strong></span> <span class='ocrx_word' id='word_1_322' title='bbox 1098 4352 1191 4418; x_wconf 75' lang='lat' dir='ltr'><strong><em>Capito·</em></strong></span> 
     </span>
     <span class='ocr_line' id='line_1_40' title="bbox 146 4416 1190 4488; baseline 0.007 -25"><span class='ocrx_word' id='word_1_323' title='bbox 146 4417 213 4465; x_wconf 79' lang='lat' dir='ltr'><strong><em>sectis</em></strong></span> <span class='ocrx_word' id='word_1_324' title='bbox 228 4416 315 4478; x_wconf 61' lang='lat' dir='ltr'><strong><em>aliquot</em></strong></span> <span class='ocrx_word' id='word_1_325' title='bbox 329 4418 421 4467; x_wconf 82' lang='lat' dir='ltr'><strong><em>vocibus</em></strong></span> <span class='ocrx_word' id='word_1_326' title='bbox 432 4416 494 4467; x_wconf 83' lang='lat' dir='ltr'><strong><em>iniis</em></strong></span> <span class='ocrx_word' id='word_1_327' title='bbox 504 4432 555 4481; x_wconf 76' lang='lat' dir='ltr'><strong><em>quos</em></strong></span> <span class='ocrx_word' id='word_1_328' title='bbox 565 4425 652 4483; x_wconf 74' lang='lat' dir='ltr'><strong><em>prsete-</em></strong></span> <span class='ocrx_word' id='word_1_329' title='bbox 685 4416 738 4467; x_wconf 73' lang='lat' dir='ltr'><strong><em>tat·</em></strong></span> <span class='ocrx_word' id='word_1_330' title='bbox 754 4418 837 4469; x_wconf 75' lang='lat' dir='ltr'><strong><em>mbui&#39;a</em></strong></span> <span class='ocrx_word' id='word_1_331' title='bbox 853 4430 880 4469; x_wconf 83' lang='lat' dir='ltr'><strong><em>et</em></strong></span> <span class='ocrx_word' id='word_1_332' title='bbox 892 4418 958 4472; x_wconf 85' lang='lat' dir='ltr'><strong><em>Liria</em></strong></span> <span class='ocrx_word' id='word_1_333' title='bbox 974 4423 1024 4488; x_wconf 79' lang='lat' dir='ltr'><strong><em>ipso</em></strong></span> <span class='ocrx_word' id='word_1_334' title='bbox 1037 4419 1095 4469; x_wconf 76' lang='lat' dir='ltr'><strong><em>inira</em></strong></span> <span class='ocrx_word' id='word_1_335' title='bbox 1111 4436 1132 4471; x_wconf 85' lang='lat' dir='ltr'><strong><em>c.</em></strong></span> <span class='ocrx_word' id='word_1_336' title='bbox 1149 4424 1190 4472; x_wconf 72' lang='lat'><strong><em>23.</em></strong></span> 
     </span>
     <span class='ocr_line' id='line_1_41' title="bbox 147 4480 788 4545; baseline 0.012 -18"><span class='ocrx_word' id='word_1_337' title='bbox 147 4480 215 4541; x_wconf 78' lang='lat' dir='ltr'><strong><em>duni,</em></strong></span> <span class='ocrx_word' id='word_1_338' title='bbox 233 4482 257 4528; x_wconf 82' lang='lat' dir='ltr'><strong><em>in</em></strong></span> <span class='ocrx_word' id='word_1_339' title='bbox 273 4482 375 4543; x_wconf 79' lang='lat' dir='ltr'><strong><em>oppidum</em></strong></span> <span class='ocrx_word' id='word_1_340' title='bbox 388 4500 414 4531; x_wconf 81' lang='lat' dir='ltr'><strong><em>ee</em></strong></span> <span class='ocrx_word' id='word_1_341' title='bbox 432 4484 460 4531; x_wconf 78' lang='lat' dir='ltr'><strong><em>its</em></strong></span> <span class='ocrx_word' id='word_1_342' title='bbox 477 4492 565 4544; x_wconf 83' lang='lat' dir='ltr'><strong><em>captum</em></strong></span> <span class='ocrx_word' id='word_1_343' title='bbox 582 4482 652 4545; x_wconf 81' lang='lat' dir='ltr'><strong><em>colu,</em></strong></span> <span class='ocrx_word' id='word_1_344' title='bbox 683 4484 788 4541; x_wconf 69' lang='lat' dir='ltr'><strong><em>ettrssb.</em></strong></span> 
     </span>
     <span class='ocr_line' id='line_1_42' title="bbox 145 4542 597 4611; baseline 0.007 -17"><span class='ocrx_word' id='word_1_345' title='bbox 145 4548 197 4595; x_wconf 85' lang='lat' dir='ltr'><strong><em>item</em></strong></span> <span class='ocrx_word' id='word_1_346' title='bbox 210 4542 529 4611; x_wconf 54' lang='lat' dir='ltr'><strong><em>ragemberticurtem</em></strong></span> <span class='ocrx_word' id='word_1_347' title='bbox 538 4558 597 4598; x_wconf 77' lang='lat' dir='ltr'><strong><em>mut.</em></strong></span> 
     </span>
    </p>
   </div>
   <div class='ocr_carea' id='block_1_9' title="bbox 0 0 1592 5200">
    <p class='ocr_par' dir='ltr' id='par_1_9' title="bbox 0 0 1592 5200">
     <span class='ocr_line' id='line_1_43' title="bbox 0 0 1592 5200; baseline 0 0"><span class='ocrx_word' id='word_1_348' title='bbox 0 0 1592 5200; x_wconf 95' lang='lat' dir='ltr'><strong><em> </em></strong></span> 
     </span>
    </p>
   </div>
  </div>
 </body>
</html>
