3175 5200
425 377 519 442 VlTA
539 379 593 444 ET
613 371 809 443 Hrs'roma'
823 379 926 443 ROM.
1069 401 1073 407 ⁴
1131 401 1206 446 xxix

163 537 265 614 tione
283 535 439 636 ejusque
452 537 578 612 indole
596 545 635 614 ct
648 545 780 612 omatu
796 560 875 624 uon
888 543 960 628 est,
971 534 1073 633 quod
1084 539 1207 612 multa
1308 525 1318 534 ⁵

166 638 301 712 addam
327 637 384 727 iis,
412 663 496 733 quae
522 637 602 735 jam
633 661 744 735 supra
774 635 795 734 q
824 659 882 709 m.
912 635 1000 709 dixi.
1036 637 1138 709 'Est
1163 660 1208 709 aa

163 759 242 810 nou
267 735 394 811 minus
419 735 583 836 pulchra,
603 759 817 825 numerosa,
835 736 986 831 elegans
1012 745 1052 810 et
1077 735 1206 823 nitida,

164 858 279 931 quam
296 835 425 924 dulcis,
440 836 618 934 jucunda,
631 842 790 909 venusta
807 842 847 908 et
863 837 1020 924 urbana3
1042 843 1098 931 est
1110 834 1206 907 dilu-

164 934 259 1026 cida,
275 935 434 1032 simplex
448 945 487 1011 et
499 935 702 1031 aequabilis,
716 936 829 1008 rebus
846 943 887 1006 ct
898 932 1104 1008 adfectibus
1116 945 1211 1006 con-'

165 1033 340 1118 veniens;
368 1034 410 1111 in
427 1034 671 1108 concionibus
697 1032 838 1106 diserta
859 1042 899 1104 et
922 1032 1057 1128 gravis,
1077 1035 1208 1105 verbo·

163 1155 249 1206 rum
294 1157 391 1230 saepe
433 1131 965 1227 sententiarumquefloribus
999 1153 1209 1227 conspersa,

162 1231 295 1328 figuris
318 1241 358 1306 et
384 1231 691 1306 translationibus
715 1231 899 1320 distincta,
923 1253 1210 1325 nonnumquam

165 1338 205 1402 ct
229 1331 400 1429 poetica;
436 1338 481 1404 ut
511 1330 637 1429 paucis
669 1329 787 1403 multa
820 1328 1060 1425 complectar,
1099 1329 1211 1424 plane

165 1429 328 1505 oratoria
354 1437 394 1503 et
420 1429 678 1504 Ciceroniana:
711 1451 826 1523 quam
852 1428 948 1500 bene
975 1427 1133 1499 ‘miram
1154 1426 1210 1498 fa-

167 1528 380 1602 ‘cundiam
413 1537 452 1601 et
484 1529 642 1602 lacteam
675 1525 895 1600 ubertatem’
925 1525 1021 1599 dixit
1049 1524 1207 1615 Quintil.

168 1625 264 1700 inst.
288 1627 351 1700 Or.
380 1629 416 1714 8,
438 1628 472 1715 l,
501 1631 538 1700 3.
567 1636 605 1700 ct
623 1628 681 1713 10,
707 1628 743 1716 l,
772 1628 834 1699 32.
852 1623 918 1698 ubi
951 1624 1064 1697 otiam
1089 1621 1208 1722 §IOL

166 1721 230 1799 ita'
236 1723 435 1822 judicavit:
465 1724 659 1799 ‘Historia
682 1749 759 1799 non
789 1723 943 1799 cesserit
962 1723 1111 1811 Graecis,
1137 1746 1209 1796 nec
1341 1743 1347 1754 ·

167 1829 381 1921 ‘opponere
406 1823 616 1924 ‘Ibucydidi
640 1822 857 1898 Sallustium
872 1847 1021 1897 verear:
1053 1843 1125 1895 nec
1153 1823 1209 1894 in-

167 1931 178 1963 ‘
196 1921 370 2020 dignetur
388 1922 459 1996 sibi
476 1923 690 1997 Herodotus
707 1923 847 2020 aequari
861 1923 907 1995 Τ.
918 1922 1078 2011 Livium,
1092 1944 1210 2017 quum

166 2025 178 2062 ‘
194 2020 235 2094 in
251 2022 437 2096 narrando
453 2021 555 2096 mirae
572 2021 819 2120 jucunditatis
835 2021 1104 2117 clarissimique
1120 2043 1210 2092 can·
1339 2043 1344 2051 ’

166 2125 177 2162 ‘
197 2119 306 2207 doris,
333 2129 418 2195 tum
445 2121 484 2195 in
508 2121 765 2210 concionibus,
792 2143 902 2218 supra
919 2145 1032 2215 quam
1048 2118 1211 2191 enarrari

168 2225 179 2258 ‘
197 2222 334 2316 potest,
348 2220 606 2315 eloquentem:
630 2219 682 2292 ita
695 2220 869 2292 dicuntur
884 2219 1011 2291 omniu
1024 2240 1142 2314 quum
1154 2239 1212 2288 re-

169 2325 180 2356 ‘
198 2320 281 2407 bus,
298 2327 383 2391 tum
399 2318 568 2415 personis
584 2317 880 2392 adcommodata.
949 2316 1022 2390 Sed
1044 2314 1212 2389 adfectus

169 2421 180 2457 ‘
200 2415 362 2512 quidem,
379 2417 564 2516 precipue
581 2427 656 2507 eos,
670 2417 734 2513 qui
753 2426 841 2490 sunt
857 2414 1051 2501 dulciores,
1069 2421 1114 2486 ut
1127 2437 1211 2511 por·

169 2521 181 2555 ‘
200 2515 346 2590 cissime
364 2515 499 2606 dicam,
518 2539 631 2589 nemo
653 2515 915 2589 historicorum
934 2512 1212 2587 commendavit

171 2620 182 2654 ‘
201 2615 331 2710 magis.
393 2616 557 2711 Ideoque
582 2616 823 2689 inmortalem
847 2615 948 2688 illam
966 2613 1131 2687 Sallustii
1147 2637 1211 2686 vc-

169 2714 389 2788 ‘locitatem
428 2714 584 2789 diversis
619 2715 820 2788 virtutibus
855 2720 1108 2809 consequutus
1139 2722 1210 2785 est.

169 2818 181 2852 ‘
198 2814 296 2889 Nam
324 2812 417 2886 mihi
443 2814 596 2911 egregie
621 2812 757 2888 dixisse
773 2814 922 2887 videtur
939 2811 1115 2887 Servilius
1131 2811 1211 2884 No·

170 2912 341 3001 ‘nianus,
358 2936 466 3011 pares
482 2938 546 2987 eos
563 2913 695 3011 magis,
712 2937 827 3010 quam
844 2912 1006 2987 similes)

218 3012 357 3085 Praeter
372 3014 527 3087 virtutes
552 3012 715 3087 historiae
735 3012 898 3086 Livianae
924 3010 1041 3085 modo
1066 3031 1211 3083 mcmo·

169 3120 267 3185 ratas
280 3136 329 3185 ex
346 3136 389 3185 ea
404 3112 545 3210 spirant
558 3136 748 3185 summum
761 3113 891 3185 odium
902 3110 1091 3196 vitiorum,
1107 3130 1213 3181 amor

169 3208 320 3283 virtutis
346 3218 385 3283 et
410 3210 525 3285 animi
551 3210 700 3301 candor,
713 3209 898 3307 judicium
916 3210 1052 3283 subtile
1080 3216 1119 3280 et
1133 3229 1213 3279 rec-

171 3315 270 3396 tum,
293 3330 378 3381 acer
408 3332 537 3380 sensus
553 3309 643 3395 veri,
662 3309 809 3401 pulchri
836 3319 875 3379 et
898 3307 1058 3391 honesti,
1076 3304 1214 3377 artium

171 3404 274 3503 pacis
290 3404 456 3500 bellique
472 3404 614 3502 peritia,
631 3404 830 3501 multiplex
854 3404 1022 3479 doctrina
1045 3413 1084 3477 et
1109 3403 1215 3500 copia

170 3516 250 3578 tum
267 3503 503 3599 egregiarum
525 3503 770 3601 graviumque
798 3504 1081 3592 sententiarum,
1099 3525 1213 3598 quam

171 3605 430 3699 exemplorum
458 3611 817 3699 praeceptorumque,
842 3606 882 3676 in
909 3604 1010 3676 omni
1035 3603 1120 3675 vitoe
1147 3626 1213 3696 ge-

170 3727 261 3776 nere
287 3711 327 3776 et
353 3701 393 3773 in
421 3710 500 3774 arte
526 3701 676 3775 militari
700 3725 743 3775 ao
761 3702 912 3799 politica
928 3702 1090 3776 utilium.
1154 3699 1214 3773 Ex

172 3801 309 3898 quibus
328 3801 503 3874 omnibus
520 3800 628 3873 facilc
647 3801 883 3897 intelligitur,
901 3794 993 3896 quot
1010 3810 1049 3875 et
1065 3807 1214 3894 quantae

172 3900 352 3974 utilitates
371 3924 417 3972 ex
433 3900 498 3972 tali
513 3899 668 3974 lristo'ria
685 3904 765 3997 capi
779 3908 930 3996 queant.

223 3998 400 4072 Ceterum
419 3999 564 4073 anobis
581 4024 658 4074 non
676 4009 800 4073 totum
817 4013 913 4097 opus
924 3998 1132 4086 Liuianum,
1150 3995 1215 4069 sed

172 4107 305 4195 quarta
321 4106 478 4185 tantum,
493 4122 574 4197 quaa
592 4106 719 4188 restat,
735 4122 822 4195 pars
839 4107 941 4171 recte
958 4096 1131 4170 oestimari
1147 4120 1214 4192 po-

172 4207 257 4271 test.
305 4196 424 4292 Cujus
442 4196 473 4268 si
486 4198 697 4294 prestantia
714 4196 823 4271 nobis
842 4207 945 4272 tanta
962 4220 1043 4269 esse
1056 4195 1213 4284 videtur,

172 4306 215 4370 ut
227 4319 339 4369 nemo
353 4306 521 4369 veterum
533 4296 795 4371 historicorum
810 4298 952 4369 Nostro
967 4293 1213 4377 anteferatrrr3
1346 4384 1359 4399 ,

175 4395 304 4491 quanti
323 4393 520 4471 fecerimus
547 4395 730 4494 integram
755 4396 836 4493 ejus
854 4396 1058 4487 historiam,
1076 4419 1157 4491 quae
1177 4398 1216 4466 et
