3175 5200
485 367 563 431 LIB.
576 367 643 432 vlt.
663 369 745 434 CAP.
759 369 887 434 XXXV.
1142 379 1203 447 487

157 539 257 584 seram
280 519 345 584 dari
366 517 475 604 jubet:
499 519 574 584 ‘ubi
601 524 628 562 ⁶¹
642 523 781 586 secunda
803 525 913 609 vigilite
938 528 1068 592 buccina
1090 531 1197 595 damn
1209 518 1367 604 unctas

156 605 168 640 ‘
183 607 304 688 signmn
319 621 409 686 esset,
424 608 532 670 armati
548 629 617 672 cum
633 610 755 692 silentio
766 612 806 674 ad
820 635 852 675 se
862 616 1093 680 convenirent‘'
1126 617 1196 689 Quo
1208 615 1240 663 A.
1251 617 1282 667 st
1291 613 1350 666 ³⁴⁰·

154 693 219 771 ubi,
234 695 315 756 sicut
329 695 462 757 edictum
477 706 553 772 erat,
579 696 665 758 taciti
687 713 902 778 convenerunt,
923 700 933 734 ‘
949 699 1020 764 Hoc
1031 705 1195 785 silentium,
1207 712 1351 764 onoons.
1405 738 1408 747 ·

156 779 318 859 ‘milites,'
345 781 454 862 inquit,
476 780 608 843 ‘omisso
632 783 756 845 militari
771 784 911 866 adsensu,
934 789 965 852 in
983 781 1347 857 meaudiendo‘ifflmffi'

155 866 361 928 ‘servandum
377 879 433 930 est.
453 868 504 930 ubi
520 869 703 932 sententiam
719 873 920 935 meam‘vobis
940 896 1096 958 peregero,
1117 890 1193 957 turn,
1206 857 1251 898 ω’

154 953 165 986 ‘
182 954 401 1034 quibuseadem
412 954 587 1038 placebunt,
599 955 630 1018 in
639 956 780 1028 dextram
789 972 908 1043 partem
915 963 1003 1025 taciti
1010 964 1192 1028 transibitis:

154 1039 167 1072 ‘
182 1060 247 1122 quae
258 1062 328 1123 pars
348 1040 447 1122 major
460 1042 528 1120 erit,
546 1063 584 1104 eo
594 1041 722 1105 stabitiir
734 1046 870 1110 oonsilio.
895 1045 998 1128 Nunc,
1010 1071 1075 1132 quae
1090 1064 1194 1114 mente

154 1127 164 1158 ‘
180 1126 304 1208 agitem,
319 1128 434 1190 audite.
449 1125 520 1190 Non
530 1128 602 1210 fuga
611 1130 738 1208 delatos,
749 1153 806 1194 nec
821 1134 931 1196 inertia
944 1136 1067 1200 relictos
1079 1138 1129 1200 hic
1139 1160 1193 1201 vos

153 1213 378 1277 ‘circumvenit
402 1214 508 1277 hostis.
536 1216 647 1278 virtute
673 1219 797 1300 cepistis
826 1218 946 1299 locum3
970 1223 1081 1286 virtute
1110 1224 1194 1303 hinc,

153 1299 165 1331 ‘
181 1311 313 1382 oportet,
328 1301 473 1364 evadatis.
498 1299 659 1364 Veniendo
671 1304 730 1366 huc
742 1307 910 1370 exercitum
921 1310 1077 1392 egregium
1088 1312 1193 1394 populi

155 1385 315 1449 ‘Rotnani
339 1389 492 1463 servastis3
513 1389 700 1472 erumpendo
721 1391 792 1453 hino
817 1397 1040 1480 vosmetipsos
1067 1409 1196 1462 servate.
1306 1441 1311 1445 -

155 1471 267 1556 ‘digni
282 1475 366 1551 estis,
392 1475 443 1556 qui
466 1475 555 1557 pauci
576 1475 709 1556 pluribus
725 1498 816 1560 opem
836 1480 976 1559 tuleritis,
1003 1483 1060 1565 ipsi
1083 1484 1194 1546 nullius

154 1559 296 1622 ‘auxilio
323 1561 475 1643 egueritis.
505 1560 583 1623 Cum
600 1582 637 1622 eo
660 1562 747 1623 hoste
773 1585 820 1624 res
836 1578 893 1642 est,
911 1568 963 1646 qui
979 1569 1122 1631 hesterno
1145 1571 1195 1632 die

155 1646 166 1677 ‘
182 1646 302 1708 delendi
320 1647 418 1710 omnis
434 1647 583 1710 exercitus
594 1647 717 1708 fortuna
733 1668 787 1729 per
797 1649 969 1712 socordiam
979 1673 1121 1714 ususnon
1133 1656 1175 1716 sit
1183 1678 1195 1730 3

154 1731 261 1795 ‘hunc
276 1744 339 1794 tarn
355 1744 559 1816 opportunum
582 1733 692 1794 coliem
719 1733 918 1798 inminentem
934 1738 1029 1820 capiti
1058 1759 1115 1802 suo
1133 1761 1195 1804 non

154 1819 252 1882 ‘ante
265 1818 385 1896 viderit,
411 1839 502 1901 quarn
520 1830 644 1902 captum
659 1841 678 1880 a
691 1821 780 1882 nobis
789 1845 800 1899 3
822 1843 878 1883 nos
902 1823 966 1885 tam
985 1845 1099 1906 paucos
1114 1829 1196 1889 ‘'tot

154 1903 164 1936 ‘
181 1905 236 1988 ipsi
249 1905 380 1968 millibus
399 1905 557 1967 hominurn
571 1926 629 1970 neo
641 1907 789 1968 adscensu
803 1909 969 1986 arcuerint3
985 1931 1041 1972 nec
1054 1923 1194 1974 tenentes

154 1991 165 2023 ‘
180 1993 292 2070 locum,
304 2013 397 2073 quum
420 1992 479 2054 diei
495 2003 614 2054 tanturn
635 2007 817 2074 superesset,
831 1995 912 2055 vallo
926 1995 1194 2060 circumdederint.

132 2131 134 2135 Α
154 2078 165 2109 ‘
180 2100 270 2160 quern
285 2079 440 2142 videntem
450 2099 485 2140 ao
494 2078 672 2160 vigilantem
684 2080 728 2141 sic
737 2079 896 2158 eluseritis,
907 2082 1053 2163 sopitum,
1063 2094 1195 2165 oportet,

155 2165 312 2241 ‘foliatis3
339 2166 435 2226 immo
450 2183 574 2226 necesse
589 2176 646 2226 est.
675 2162 709 2226 In
725 2185 763 2227 eo
785 2165 867 2228 enim
883 2166 953 2228 loco
972 2187 1020 2229 res
1037 2181 1108 2232 sunt
1123 2190 1194 2232 nos·

155 2251 166 2282 ‘
182 2263 244 2328 tren,
255 2262 291 2313 ut
302 2251 386 2312 vobis
396 2273 454 2332 ego
465 2252 563 2333 magis
575 2251 765 2312 necessitatis
776 2263 882 2314 vestrae
894 2253 997 2332 index,
1012 2275 1103 2336 quam
1119 2277 1195 2317 con-

156 2337 240 2399 ‘siiii
265 2349 381 2415 auctor,
405 2339 473 2399 sirn.
503 2337 709 2418 nequeenim,
730 2339 944 2418 maneatis,an
969 2341 1086 2403 abeatis
1111 2342 1195 2421 hinc,

155 2424 166 2455 ‘
181 2424 340 2486 deliberari
363 2435 465 2506 potest
474 2447 484 2502 3
510 2445 614 2505 quum,
630 2437 739 2504 praeter
752 2445 839 2486 arma
852 2438 884 2487 et
906 2426 1026 2488 animos
1042 2447 1195 2492 armorum

156 2512 166 2542 ‘
181 2531 341 2587 memores,
359 2511 434 2572 nihil
453 2510 538 2572 vobis
554 2510 678 2573 fortuna
689 2510 795 2591 reliqui
811 2511 929 2590 fecerit,
944 2513 1084 2595 fameque
1095 2527 1128 2576 et
1142 2515 1193 2576 siti

155 2597 166 2629 ‘
181 2597 369 2661 moriendum
379 2598 430 2676 sit,
438 2598 464 2659 si
481 2597 559 2680 pius,
571 2618 661 2679 quarn
670 2597 750 2659 viros
763 2618 799 2659 ac
811 2597 967 2661 Romanos
979 2599 1197 2678 decetferrum

154 2684 165 2715 ‘
179 2686 352 2749 timeamus.
376 2683 457 2766 Ergo
469 2706 531 2745 una
541 2694 587 2745 est
603 2685 683 2745 salus
699 2704 855 2766 erumpere
871 2686 942 2747 hinc
956 2695 1048 2767 atque
1060 2688 1153 2750 abire.
1164 2688 1197 2749 id

155 2772 233 2833 ‘aut
247 2771 378 2833 interdiu
397 2783 450 2834 aut
465 2783 555 2832 nocte
568 2768 725 2847 faciamus,
738 2784 872 2852 oportet.
895 2771 976 2835 Ecce
993 2783 1097 2839 autern
1113 2774 1197 2835 aliud

155 2858 280 2920 ‘minus
291 2858 426 2921 dubium.
440 2858 552 2941 quippe
568 2857 593 2917 si
609 2856 661 2918 lux
676 2868 881 2939 exspectetur,
898 2879 965 2940 quor
975 2880 1043 2941 spes
1063 2871 1120 2938 est,
1135 2881 1196 2922 non

154 2944 165 2975 ‘
179 2943 258 3006 vallo
269 2956 416 3027 perpetuo
428 2944 567 3025 fossaque
580 2962 635 3005 nos
647 2954 802 3026 septorum
812 2944 955 3006 hostem?
973 2946 1024 3026 qui
1034 2966 1116 3006 nunc
1128 2967 1197 3007 cor-

155 3030 165 3062 ‘
180 3030 303 3112 poribus
326 3031 387 3091 suis
401 3028 546 3110 subjectis
569 3028 701 3108 undique
717 3030 859 3107 cinxerit,
872 3042 876 3048 ’
889 3040 924 3090 ut
938 3028 1058 3107 videtis,
1074 3031 1196 3094 collem.

154 3116 286 3195 ‘Atqui
312 3115 337 3176 si
352 3136 415 3177 nox
428 3126 600 3197 opportuna
625 3127 672 3176 est
684 3114 847 3195 eruptioni,
871 3113 950 3175 sicut
967 3126 1024 3192 est,
1046 3116 1109 3177 haec
1124 3137 1196 3196 pro-

155 3204 165 3237 ‘
180 3202 262 3265 fecto
276 3202 375 3263 noctis
390 3200 548 3283 aptissima
563 3200 638 3261 hora
651 3210 708 3261 est.
740 3196 837 3279 Signo
845 3199 985 3260 secundae
995 3200 1104 3281 vigilia
1118 3222 1194 3263 con-

155 3289 314 3366 ‘renistis,
329 3286 411 3368 quod
423 3298 542 3368 tempus
558 3285 701 3347 mortales
710 3304 818 3347 somno
834 3284 984 3347 altissimo
998 3288 1120 3368 premit.
1140 3308 1194 3371 per

144 3378 166 3431 --‘
180 3396 310 3459 corpora
330 3374 432 3456 sopita
454 3372 593 3448 vadetis3
615 3371 663 3432 vei
677 3369 800 3433 silentio
815 3371 956 3434 incautos
978 3372 1128 3451 fallentes,
1146 3375 1192 3435 vel

155 3466 166 3500 ‘
181 3459 524 3526 sentientibus-clamore
540 3458 641 3520 subito
657 3477 799 3540 pavorem
813 3456 964 3540 injecturi.
980 3457 1035 3521 Me
1045 3460 1137 3522 modo
1146 3482 1195 3522 se-

521 3594 643 3643 ‘oem'nnt
653 3595 728 3643 Gron.
740 3592 811 3643 Crrr.
885 3651 890 3662 Ι

154 3720 233 3773 ordino
251 3712 378 3777 manipulos
396 3712 452 3767 ibat,
472 3708 544 3757 doner
565 3708 593 3757 ad
614 3708 658 3755 tri·
692 3705 1091 3769 qarrlibettriburhorirronstabrr.
1115 3709 1198 3772 Inque

154 3789 241 3835 bunum
255 3794 307 3830 ante
319 3788 411 3827 noctem
423 3774 554 3823 referretur.
587 3771 658 3821 Hune
690 3773 791 3819 secunda
822 3769 897 3831 vigilia
926 3770 1009 3835 insipit
1038 3787 1092 3821 cm
1118 3784 1198 3837 qm
1306 3817 1317 3831 Ι

156 3866 244 3901 morem
260 3844 397 3908 descriptum
418 3836 464 3889 iid.
483 3839 541 3903 apud
552 3834 593 3886 Pol
609 3838 632 3886 b.
642 3836 657 3885 Ι.
689 3835 836 3885 noctishon.

155 3931 190 3967 νι.
211 3925 236 3963 et
256 3914 307 3960 fuse
324 3909 451 3973 expositum
468 3922 482 3952 ι
498 3903 582 3967 Lipsio,
607 3936 615 3951 .
634 3914 659 3951 ν.
722 3900 746 3935 ⁶³
764 3900 804 3949 Tot
819 3900 861 3962 ιμ’
879 3900 975 3947 muno
994 3899 1116 3963 minum]
1143 3900 1203 3959 Ele.

155 3984 184 4031 de
196 3978 250 4030 Mil.
261 3977 330 4025 Rom.
346 3974 398 4022 dial.
410 3974 433 4021 9.
465 3970 512 4019 He
523 3978 659 4017 rarenter·
691 3967 781 4027 gratius
800 3974 835 4014 est
848 3964 910 4026 qnod
926 3963 1019 4040 subjicit
1036 3965 1085 4042 ³3⁶·
1103 3965 1199 4013 orm.

155 4064 212 4097 rem
229 4059 277 4093 non
294 4042 323 4091 ad
341 4032 660 4102 vigilisssolumsdhibcirnu·
692 4033 756 4081 vius:
782 4038 815 4079 tot
837 4031 878 4091 ipsi
904 4030 976 4077 muta
999 4030 1117 4078 maur.
1158 4031 1197 4079 Sir

155 4126 194 4162 rur
228 4110 269 4159 sed
291 4120 315 4156 er
341 4106 369 4153 ad
393 4103 487 4167 imperta
508 4109 532 4147 et
553 4098 660 4147 mandata
692 4108 790 4145 xxvrn.
812 4096 853 4143 28.
881 4100 927 4141 toto
948 4094 1012 4158 tegio,
1038 4095 1110 4142 mittio
1128 4094 1198 4142 toni·

156 4147 660 4238 dudum,etquidquiddeniquerellentce·
691 4176 746 4209 rrum
764 4167 866 4235 p'rmtuor.
898 4158 930 4205 Et
949 4157 973 4206 iu
995 4158 1198 4237 nornins‚qnitsu2

157 4243 238 4292 lorirer
253 4250 402 4303 peromnem
416 4233 541 4281 exercitum
558 4228 659 4276 innoter·
691 4238 783 4273 numen
804 4225 959 4285 destruimur,
975 4223 1043 4273 inerte
1064 4238 1145 4286 vinum
1163 4238 1195 4269 η.

157 4322 225 4357 cere:
244 4313 272 4352 ut
287 4313 350 4367 parer
368 4311 419 4348 turn
434 4313 465 4347 ex
483 4296 526 4345 hor
541 4294 600 4351 loco,
610 4305 660 4341 turn
691 4291 763 4354 repit,
779 4288 831 4352 quia
848 4302 910 4353 rope
926 4290 1084 4353 expiarentur
1098 4304 1140 4364 per
1154 4302 1216 4366 no...

158 4368 361 4485 ‘viiidie
379 4424 462 4492 spru]
493 4424 554 4473 ron
573 4436 619 4471 nox
637 4420 662 4469 n
691 4364 917 4489 fft’erpieut’itffi
940 4368 982 4420 ¹⁸⁰
1007 4366 1076 4419 ψ
1094 4352 1196 4404 hm

156 4513 255 4572 quatuor
280 4496 365 4561 vntum
388 4491 540 4571 dividebatur,
566 4500 661 4555 quaten
