3175 5200
510 384 912 451 marnclaxxxu.
1182 400 1238 484 uss

201 545 280 608 inter
295 543 488 625 decemviros,-
512 566 551 609 an
577 548 655 611 inter
676 548 867 627 candidatos,
886 566 1068 612 numerares.
1111 545 1237 635 Propior
1249 570 1283 622 u.
1292 550 1394 622 calls.5

202 630 353 696 interdum
383 633 527 719 petendo,
562 656 665 717 quam·
684 636 826 717 gerendo,
855 637 1043 718 magistratui
1072 650 1157 701 erat.¹
1177 637 1382 702 crizsscdlll·

201 722 308 783 minari
331 722 505 804 optimates,
528 722 672 784 extollere
687 723 918 787 candidatorum
933 723 1114 787 levissimum
1130 746 1235 808 quem

202 827 260 891 que
279 808 550 891 humillimumque.
581 810 645 893 ipse
666 810 783 871 medius
813 811 894 872 inter
919 811 1095 873 tribunicios
1118 811 1236 879 Duilios
1320 838 1323 843 ·

202 892 361 977 Iciliosque
376 895 407 957 in
423 895 489 957 loro
510 896 646 974 volitare,
663 916 716 978 par
730 896 797 958 illos
819 918 852 959 sc
878 897 958 980 plebi
982 898 1155 961 venditare:
1179 903 1236 964 do-

201 1002 256 1043 nec
280 982 401 1064 collegae
426 1003 555 1065 quoque,
580 984 630 1065 qui
645 984 734 1045 unice
755 984 798 1045 illi
815 984 909 1045 dediti
925 984 1045 1046 buerant
1059 986 1098 1047 ad
1112 986 1144 1047 id
1156 999 1239 1071 tem-⁴

199 1088 265 1151 pus,
288 1067 446 1150 conjacere
475 1070 506 1131 in
536 1090 604 1132 eum
634 1070 752 1148 oculos,
771 1070 924 1132 ‘mirantes
950 1072 1022 1153 quid
1052 1072 1109 1133 sibi
1139 1075 1238 1138 vellet.

198 1154 365 1238 Adparere,
388 1156 463 1217 nihil
485 1156 592 1217 sinceri
617 1177 703 1233 esse3
729 1155 892 1219 ‘Profecto
916 1158 998 1219 haud
1023 1160 1185 1240 gratuitam
1204 1161 1236 1223 in

200 1242 211 1275 ⁶
225 1253 312 1304 tanta
320 1242 462 1325 superbia
470 1242 646 1303 comitatem
654 1241 729 1303 lore.
738 1242 866 1305 ninnium
879 1244 943 1305 ⁸'in
953 1244 1090 1307 ordinem
1100 1268 1132 1308 se
1140 1248 1238 1331 ipsum

199 1330 211 1362 ‘
225 1348 345 1411 cogere,
352 1339 384 1391 ct
391 1328 505 1409 vulgari
517 1328 724 1411 cumpriuatis,
734 1347 797 1389 non
808 1339 871 1390 tam
880 1334 1069 1413 properantis
1080 1334 1163 1396 abire
1173 1356 1238 1395 ma-

200 1416 210 1449 ‘
225 1416 363 1497 gistratu,
374 1434 464 1496 quam
470 1414 548 1475 mam
559 1414 598 1475 ad
606 1414 845 1476 continuandum
852 1417 1238 1499 magistratumquaercntis,

127 1566 131 1573 ,
200 1500 310 1563 ‘essa’
333 1501 493 1583 Propalam
508 1501 626 1563 obviam
642 1501 686 1562 ire
701 1501 861 1583 cupiditati
877 1522 982 1583 parum
999 1504 1073 1582 ausi,
1089 1506 1236 1568 obsecun-

200 1589 306 1651 dando
331 1588 450 1650 mollire
480 1588 616 1669 inpetum
646 1588 872 1669 adgrediuntur.
899 1590 1090 1651 comitionsm
1113 1591 1156 1652 illi
1178 1593 1236 1654 ha-

199 1675 377 1753 bendorum,
401 1674 523 1757 quando
547 1674 688 1737 minimus
711 1685 784 1735 natu
810 1675 860 1753 sit,
884 1696 993 1737 munus
1018 1680 1236 1741 consensuin-

194 1760 336 1844 jungunt.
379 1761 436 1822 Ars
459 1762 522 1825 baec
548 1772 623 1839 erat,
647 1782 686 1823 ne
701 1762 878 1844 semetipse
892 1782 994 1824 creare
1008 1777 1130 1845 posset3
1145 1768 1236 1847 ‘quod

198 1859 305 1931 praeter
320 1848 455 1909 tribunos
470 1847 567 1931 plebis
597 1847 642 1927 (et
661 1848 805 1931 idipsum
821 1849 952 1930 pessimo
968 1851 1119 1935 exemplo)
1145 1874 1236 1916 nemo

133 1948 136 1963 ·
190 1942 340 2016 'umquam
367 1934 498 1996 lecisset.
521 1935 572 1996 ille
596 1935 758 2013 enimvero,
778 1936 861 2016 quod
879 1936 956 1998 bene
978 1949 1087 2017 vertat,
1113 1939 1236 2001 habitu-

197 2042 263 2085 rum
283 2043 315 2083 ee
331 2021 455 2084 comitia
473 2022 637 2105 professus,
659 2022 901 2104 inpedimentum
924 2045 980 2106 pro
1004 2026 1166 2087 occasione
1188 2048 1236 2088 ar-

196 2108 298 2191 ripuit.
322 2106 507 2189 dejectisque
533 2110 648 2170 honore
673 2112 766 2191 ⁵³pcr
791 2110 955 2172 coitionem
979 2110 1096 2173 duobus
1120 2112 1236 2183 Quinc-

196 2194 258 2273 tiis,
289 2193 463 2278 Gapitolino
492 2206 525 2257 et
550 2194 741 2274 Cincinnato,
771 2207 804 2259 et
823 2208 932 2280 patruo
954 2218 1010 2259 suo
1034 2197 1071 2260 G.
1097 2197 1236 2280 claudio,

198 2281 444 2343 constantissimo
468 2282 533 2343 viro
555 2282 586 2343 in
609 2282 803 2365 optimatium
823 2304 939 2363 caussa,
958 2296 991 2347 et
1014 2284 1236 2368 aliisejuadem

151 2438 153 2444 ,
196 2367 311 2449 fastigii
336 2367 461 2447 civibus,
487 2388 678 2451 nequaquam
699 2369 859 2453 splendore
883 2371 959 2434 vitae·
977 2392 1065 2454 pares
1085 2373 1235 2435 decemri·
1272 2385 1274 2388 ’
1313 2372 1318 2379 ’

196 2475 247 2517 ros
271 2465 373 2516 creat:
397 2476 429 2516 sc
451 2455 482 2516 in
503 2456 617 2538 primis,
643 2456 724 2537 quod
750 2457 832 2517 haud
853 2478 939 2519 secus
960 2458 1075 2520 factum
1091 2459 1234 2541 inproba·

195 2542 272 2606 bant
292 2542 388 2618 boni,-
402 2562 493 2624 quam
515 2542 724 2606 nemovlacerc
744 2563 884 2605 ausurum
909 2543 1087 2606 crediderat.
1131 2543 1234 2608 Creati

195 2649 266 2691 cum
296 2650 343 2691 eo.
359 2626 410 2690 M.
436 2627 593 2691 Cornelius
619 2627 850 2711 Maluginensis,
876 2629 923 2692 M.
952 2629 1083 2712 Sergius,
1113 2630 1148 2693 1..
1170 2631 1234 2693 Mi-

193 2717 311 2794 nucius,
337 2715 375 2786 Q.
401 2714 509 2777 Fabius
532 2713 709 2795 Vibulanus,
729 2719 755 2756 ⁸⁴
768 2716 807 2787 Q.
824 2715 1000 2795 Poeteliusss,
1022 2716 1061 2779 Τ.
1081 2718 1233 2781 Antonius

193 2800 357 2888 Merenda,
373 2799 412 2864 K.
422 2800 552 2880 Duilius,
567 2800 619 2885 Sp.
633 2803 750 2885 Oppius
765 2802 927 2883 Cornicen,
943 2802 1001 2866 Μ’.
1017 2803 1192 2868 Rabuleius.

239 2887 385 2952 XXXVI.
410 2887 464 2951 Ille
478 2889 546 2951 finis
561 2888 663 2973 Appio
678 2890 782 2952 alienae
800 2910 933 2973 persona
952 2891 1081 2953 ferendae
1096 2891 1164 2954 fuit.
1178 2912 1234 2955 suo

190 2976 258 3058 jam
274 2976 344 3038 inde
359 2977 456 3038 vivere
477 2976 599 3058 ingenio
622 2977 726 3059 coepit,
748 2997 900 3059 novosque
916 2977 1126 3060 collegas-jam
1140 2979 1233 3061 prius,

196 3083 287 3144 quam
308 3063 418 3124 inirent
436 3064 658 3144 magistratum,
683 3063 714 3123 in
736 3083 805 3124 suns
821 3084 919 3126 mores
938 3063 1079 3127 formare.
1123 3065 1231 3134 Quoti

196 3149 247 3209 die.
276 3147 399 3214 coibant
428 3149 551 3209 remotis
582 3149 720 3211 arbitris:
753 3149 825 3211 inde
858 3149 1064 3231 inpotentibus
1096 3150 1233 3211 instructi

196 3232 340 3311 consiliis,
361 3253 426 3313 quae
445 3235 562 3294 secreto
578 3235 617 3294 ab
640 3233 706 3294 aliis
729 3235 910 3314 coquebant,
922 3234 989 3316 jam
1000 3234 1080 3298 haud
1093 3235 1234 3297 dissimu-

196 3320 288 3382 lando
303 3319 484 3401 superbiam,
500 3323 526 3357 ⁵⁵
538 3319 597 3380 rari
611 3319 721 3396 aditus,
747 3319 1000 3401 conloquentibus
1021 3320 1168 3400 difficiles,
1193 3321 1234 3382 ad

196 3405 268 3468 Idus
297 3403 398 3466 Maias
429 3425 492 3466 rem
524 3404 698 3486 perduxere.
757 3403 827 3468 ldas
857 3417 924 3468 tum
952 3403 1044 3468 Maiae
1072 3407 1234 3470 sollemnes
1246 3429 1279 3478 n.
1287 3431 1315 3480 c,
1325 3431 1371 3481 3⁰4

195 3492 333 3555 ineundis
345 3491 568 3574 magistratibus
584 3501 681 3554 erant.
725 3489 818 3554 lnitio
842 3492 935 3574 igitur
957 3493 1151 3576 magistratus
1169 3496 1232 3580 pri·
1244 3465 1382 3546 antea

1244 3562 1367 3612 Decemvi-

194 3602 278 3643 mum
298 3579 420 3642 honoris
441 3577 522 3640 diem
542 3578 773 3642 denunciatione
793 3578 923 3674 ingentis
944 3581 1067 3643 terroris
1082 3582 1231 3666 insignem
1332 3643 1373 3676 aa.

193 3667 302 3730 fecere.
326 3687 397 3728 nam
413 3686 505 3747 quum
524 3666 568 3727 ita
588 3666 702 3748 priores
717 3666 878 3728 decemviri
903 3680 1079 3749 servassent,
1101 3681 1136 3731 ut
1155 3689 1232 3733 unus
1243 3709 1288 3744 nus
1296 3695 1331 3747 11.

490 3796 615 3847 tPoetilius
624 3799 699 3850 Gron.
709 3798 778 3850 Cres.
796 3799 852 3850 MS.
862 3799 944 3850 uena.
1012 3839 1017 3850 ,

163 3911 168 3919 ·
225 3899 248 3934 ⁵⁹
262 3897 291 3947 ln
316 3899 411 3946 ordinem
437 3897 528 3958 κὶμιωι
554 3897 639 3963 cogere]
666 3897 697 3946 Se
728 3909 767 3948 tur
799 3901 926 3948 amionem.
979 3897 1115 3950 Emendavit
1146 3899 1234 3948 verissi-

192 3981 270 4030 parem
291 3963 456 4030 quodammodo
486 3962 569 4021 ceteris
595 3978 609 4012 e
630 3963 697 4026 uulgo
728 3980 766 4012 mc
787 3965 900 4027 Sigonius,
926 3967 1028 4029 quemvis
1056 3967 1235 4030 repugnantibus

190 4033 274 4081 faeere.
318 4029 431 4079 Potestete
460 4044 499 4076 sue
520 4043 587 4093 supra
608 4039 696 4078 ceteros
728 4031 800 4080 libris.

191 4097 317 4157 eminebat,
344 4107 369 4146 et
389 4105 453 4144 ertrs
473 4095 576 4142 ordinem
598 4095 696 4158 reliquo·
760 4097 782 4130 ⁵⁴
800 4095 960 4150 arcetum.
973 4133 980 4146 .
994 4133 1001 4147 .
1015 4093 1180 4156 munerans,
1193 4095 1233 4160 Sp.

191 4176 242 4210 rum
264 4165 350 4228 positos
370 4172 418 4210 erat
439 4160 533 4224 Appius.
574 4159 697 4221 Vulgando
729 4161 812 4224 Oppiru
834 4159 951 4228 Comites]
972 4162 1024 4211 Hos
1042 4161 1143 4227 plebeios
1163 4161 1233 4211 fuisse

192 4226 404 4343 'ts‘tttssblh
420 4226 695 4342 ⁸2¹⁶..2‘i‘ifflh‘l
727 4227 969 4357 “iiiiii-‘'llih]
1000 4293 1046 4341 n.
1078 4305 1145 4341 ...a
1174 4295 1220 4341 ns

191 4325 430 4418 gistraruseximeba’t.
456 4307 471 4354 q
728 4355 817 4422 piendse
841 4369 896 4406 eunt
921 4358 945 4405 in
966 4359 1039 4422 patrio
1065 4375 1128 4409 casu.
1172 4358 1233 4407 Vult

224 4421 246 4457 Β
263 4421 307 4472 Per
331 4421 451 4486 suumn]
497 4421 609 4472 mundo
641 4438 695 4472 eum
727 4423 805 4472 Livius
829 4439 899 4474 noros
921 4421 1067 4476 Decemviros
1092 4426 1164 4476 tasse
1185 4426 1234 4473 rosi

189 4487 272 4537 ceteris
305 4487 425 4538 candidatis
460 4489 565 4538 adversus
598 4489 696 4550 ingratos
727 4490 810 4541 aditus.

187 4554 233 4606 sibi
252 4555 419 4622 mapetitoree·
461 4553 525 4606 Olim
543 4556 582 4608 bic
603 4555 695 4618 baebe-
