3175 5200
503 322 582 385 LIB.
591 321 647 385 111.
666 322 747 385 CAP.
760 312 874 385 Lxxn
1137 333 1195 389 226

126 538 131 549 .
159 481 247 545 ‘non
261 500 348 566 posse
363 480 431 545 illos
449 482 585 545 resistere
599 482 668 561 sihi,
690 482 796 563 quibus
812 480 949 546 conserta
963 480 1100 564 peditum
1115 481 1196 546 acies
1208 496 1241 546 υ.
1251 496 1280 547 c.
1291 496 1348 549 ³⁰9.

160 571 170 603 ‘
186 567 343 633 cessisset!
387 567 479 631 Haud
494 570 590 632 surdis
611 570 731 633 auribus
746 569 850 631 dicta:
874 569 1057 651 inpressione
1071 592 1132 633 una
1146 582 1196 633 to·
1208 566 1240 614 A.
1251 564 1280 614 ⁰·
1291 565 1348 612 ⁴⁴³⁴

160 668 227 721 tum
237 657 405 739 equitatum
419 655 532 735 ludere,
549 677 691 738 magnam
715 656 777 717 vim
801 678 839 717 ex
863 657 947 736 equis
964 659 1197 741 praecipitavere,

162 744 243 827 ipsos
265 764 415 829 equosque
441 742 563 825 spiculis
589 742 762 805 confodere.
782 742 808 803 is
830 740 898 803 linis
920 764 1028 825 pugna
1052 746 1198 826 equestris

161 828 228 893 fuit.
271 828 368 905 Tunc,
393 829 491 893 adorti
505 829 642 913 pediturn
657 829 766 908 aciem,
790 830 917 892 nuncios
941 829 982 891 ad
1004 832 1141 893 consules
1155 832 1199 895 rei

162 927 253 998 gestae
276 918 412 993 mittunt,
435 917 487 977 ubi
509 916 574 998 jam
598 916 801 979 inclinabatur
821 916 955 979 hostium
970 917 1061 979 acies.
1076 919 1200 981 nuncius

165 998 273 1065 deinde
292 1015 324 1065 et
349 1003 538 1065 vincentibus
561 1002 708 1065 Romanis
724 1003 841 1066 animos
862 1004 958 1081 auxit,
984 1016 1017 1066 et
1041 1004 1202 1067 relerentes

162 1091 289 1171 gradum
311 1090 442 1172 perculit
456 1086 583 1170 AEquos.
627 1086 663 1150 ln
679 1089 778 1151 media
793 1090 924 1171 primum
934 1090 1090 1155 acievinci
1100 1092 1202 1173 coepti,

163 1196 222 1257 qua
250 1177 438 1259 permissus1³
468 1176 619 1256 equitatus
649 1176 823 1238 turbaverat
852 1176 984 1238 ordines.
1041 1174 1203 1239 Sinistrum

164 1262 273 1325 deinde
289 1283 382 1325 cornu
397 1263 435 1323 ab
452 1260 596 1333 Quinctio
620 1261 741 1324 consule
764 1261 836 1345 pelli
859 1275 1018 1345 coeptum;
1040 1264 1072 1325 in
1096 1264 1205 1327 dextro

164 1349 326 1431 plurimum
349 1348 458 1411 laboris
480 1347 548 1411 luit.
601 1345 647 1409 lbi
670 1348 818 1431 Agrippa,
852 1362 941 1411 aetate
966 1350 1135 1433 viribusque
1159 1350 1204 1411 le·

163 1456 229 1513 rox,
245 1456 337 1517 quum
356 1435 439 1497 omni
462 1448 548 1517 parte
571 1455 679 1518 pugnae
700 1435 805 1497 melius
828 1446 899 1497 resq
920 1436 994 1517 geri,
1018 1458 1108 1517 quam
1124 1438 1206 1520 apud

165 1542 208 1599 se,
222 1521 347 1599 videret,
373 1532 501 1603 accepta
514 1521 601 1603 signa
615 1522 654 1583 ab
668 1520 817 1603 signiferis
841 1524 905 1605 ipse
926 1523 1045 1601 inferre,
1067 1523 1204 1605 quadarn

160 1606 264 1689 jacere
279 1608 372 1671 etiarn
396 1608 428 1669 in
448 1608 600 1671 confertos
622 1609 725 1671 hostes
748 1608 852 1692 coepit.
896 1607 1010 1690 Cujus¹
1033 1612 1205 1692 ignominia
1279 1674 1283 1683 ,

167 1707 250 1757 metu
266 1694 410 1757 concitati
426 1695 548 1771 milites,
564 1695 697 1757 invasere
713 1695 844 1758 hostem.
866 1696 911 1761 ita
928 1708 1046 1779 aquata
1065 1719 1103 1760 ex
1122 1698 1205 1761 omni

163 1790 249 1863 parte
274 1780 405 1843 ,victoria
434 1791 490 1844 est.
542 1778 677 1845 Nunnius
706 1793 772 1845 tum
799 1802 819 1842 a
848 1781 992 1853 Quinctio
1020 1785 1114 1863 uenit,
1142 1785 1206 1847 vic·

165 1878 262 1930 torem
287 1865 353 1949 jam
376 1888 408 1929 se
433 1868 579 1931 inminere
609 1868 741 1931 hostium
766 1869 873 1931 castris
885 1892 895 1947 3
925 1870 1005 1933 nolle
1027 1871 1207 1955 inrumpere,

167 1967 330 2035 antequam
359 1955 437 2017 sciat
464 1954 648 2017 debellatum
671 1956 756 2019 etin
782 1956 905 2019 sinistro
934 1971 1028 2020 comu
1053 1979 1130 2021 esse.
1173 1956 1207 2019 Si

161 2037 228 2121 jam
243 2040 369 2103 fudisset
395 2042 508 2120 hostes,
535 2042 687 2105 conferret
707 2042 746 2103 ad
769 2063 802 2104 se
828 2044 926 2126 signa,
945 2054 980 2106 ut
1005 2045 1094 2110 simul
1109 2033 1229 2107 omnis'

166 2128 316 2189 exercitus
345 2129 448 2210 prada
480 2129 638 2212 potiretur.
696 2127 806 2191 Victor
826 2129 967 2213 Agrippa
1000 2152 1070 2194 cum
1104 2144 1209 2195 mutua

160 2213 367 2295 ¹gratulatione
391 2215 431 2276 ad
452 2215 598 2301 victorem
614 2215 764 2299 collegam
790 2228 948 2299 castraque
968 2218 1103 2281 hostium
1116 2216 1210 2297 v'enit,

167 2298 210 2361 ibi
229 2300 334 2382 paucis
354 2300 596 2381 defendentihus,
619 2316 834 2384 momentoque
860 2302 945 2381 lusis,
965 2303 1030 2367 sine
1046 2306 1210 2369 certamine

168 2386 200 2447 in
231 2386 414 2450 munitiones
443 2388 637 2472 inrumpunt:
671 2390 866 2473 ⁹¹praedaque
888 2392 1004 2473 ingenti
1035 2404 1209 2474 compotem

159 2473 343 2552 exercitum,
365 2475 425 2537 suis
455 2476 550 2537 etiam
569 2477 665 2539 'rebus
692 2478 887 2559 recuperatis,
918 2497 983 2558 quae
1012 2478 1209 2561 populatione

166 2578 307 2640 agrorum
338 2562 454 2626 amissae
481 2573 576 2642 erant,
607 2562 766 2627 reducunt.
818 2562 1020 2647 Triumphum
1044 2584 1102 2629 nec
1128 2565 1209 2647 ipsos

157 2647 345 2728 postulasse,
362 2669 416 2710 nec
433 2649 566 2711 delatum
588 2650 624 2712 iis
648 2652 687 2711 ab
707 2663 825 2729 senatu,
846 2651 984 2733 accipior
1008 2672 1065 2714 nec
1080 2651 1209 2714 traditur

155 2751 273 2794 caussa
287 2735 380 2816 spreti
397 2746 450 2797 aut
463 2757 525 2798 non
536 2735 648 2818 sperati
665 2737 799 2800 honoris.
841 2736 909 2819 Ego
924 2739 1113 2819 quantumin
1122 2749 1209 2800 tanto

165 2818 322 2883 intervallo
345 2833 517 2904 temporum
540 2822 682 2906 conjicio,
708 2844 800 2906 quum
815 2822 939 2887 Valerio
966 2838 1057 2907 atque
1078 2823 1209 2887 Horatio

165 2905 348 2985 consulibus,
364 2909 415 2988 qui
430 2921 538 2990 prater
552 2907 681 2973 Volscos
701 2923 733 2973 et
755 2907 875 2993 AEquos
896 2909 1001 2973 Sabini
1026 2911 1118 2974 etiam
1135 2910 1207 2972 belli

166 2991 295 3071 perfecti
320 2991 462 3073 gloriam
475 3008 667 3078 pepererant,
689 3009 817 3079 negatus
843 2999 883 3060 ab
908 3009 1014 3059 senatu
1037 2998 1209 3078 triumphus

167 3087 259 3154 esset,
283 3078 469 3140 verecundiae
491 3081 549 3142 fuit
571 3105 627 3161 pro
653 3093 738 3163 parte
764 3082 1011 3146 dimidiatarum
1036 3082 1209 3144 consulibus

169 3172 273 3242 petere
288 3163 485 3246 triumphum.
500 3183 539 3224 ne
554 3166 656 3240 etiam,
670 3167 695 3226 si
711 3167 925 3248 inpetrassent,
940 3167 1037 3247 magis
1052 3167 1210 3229 hominum
1320 3161 1324 3170 ¹

171 3247 260 3322 ratio,
276 3269 368 3329 quam
384 3249 571 3325 meritorum,
586 3249 691 3310 habita
704 3250 865 3312 videretur.
1240 3247 1245 3257 ’

214 3331 329 3396 LXXI.
349 3330 518 3397 Victoriam
542 3335 713 3410 honestam,
738 3355 775 3396 ex
806 3336 943 3398 hostibus
969 3349 1098 3419 partam,
1124 3353 1212 3423 turpe
1223 3346 1302 3412 Turpe
1311 3352 1353 3416 jo·

173 3420 255 3482 domi
271 3419 310 3481 de
325 3419 434 3482 linibus
449 3420 599 3482 sociorum
619 3418 766 3502 judicium
789 3422 893 3503 populi
909 3422 1098 3487 deformavit.
1141 3413 1313 3528 Ari-{jflffffl
1420 3439 1427 3452 ’

173 3505 233 3568 cini
249 3517 341 3588 atque
355 3505 503 3568 Ardeates
523 3507 561 3568 de
583 3506 725 3588 ambiguo
740 3527 815 3589 agro
830 3529 921 3590 quum
947 3533 1024 3594 saepe
1046 3513 1127 3574 bello
1146 3535 1212 3577 cer·
1224 3497 1338 3596 „gmss

155 3603 299 3670 tament,
326 3593 442 3678 multis*
456 3593 487 3656 in
516 3595 613 3656 vicem
643 3592 777 3656 cladibus
807 3594 889 3676 fessi,
908 3596 1045 3680 judicem
1066 3601 1212 3682 populum
1223 3611 1315 3664 tunm·

172 3677 346 3743 Romanum
366 3701 484 3762 cepere.
527 3680 629 3751 Quum
652 3681 692 3742 ad
717 3702 855 3744 caussam
884 3684 1031 3748 orandam
1050 3688 1213 3768 venissent,

172 3767 303 3829 concilio
318 3767 423 3851 populi
439 3789 457 3828 a
472 3769 697 3850 magistratibus
713 3768 797 3847 dato,
819 3791 932 3852 magna
946 3773 1144 3836 contentione
1159 3796 1208 3837 ac·

171 3863 246 3916 tum.
257 3852 384 3936 jamque
400 3854 489 3918 editis
503 3855 641 3933 testibus,
657 3857 867 3937 quum‘tribus
882 3859 994 3937 vocari,
1011 3853 1046 3921 'et
1065 3861 1212 3944 populum

172 3939 248 4003 inire
274 3941 450 4024 suffragium
475 3953 641 4025 oporteret,
669 3945 824 4026 consurgit
851 3943 884 4006 P.
894 3943 1036 4028 Scaptius
1057 3946 1095 4009 de
1113 3948 1214 4028 plebe,
1286 3975 1289 3978 ⁴

172 4047 285 4110 magno
291 4039 380 4090 natu:
393 4041 434 4103 et,
444 4025 491 4097 ‘Si
502 4028 595 4108 licet,'
605 4030 712 4111 inquit,
725 4030 889 4111 ‘conculca
895 4033 933 4095 de
939 4031 1093 4115 republica
1102 4033 1215 4113 dicere,

174 4113 184 4146 ‘
199 4129 298 4177 errare
308 4137 366 4198 ego
376 4116 522 4198 populum
531 4116 562 4178 in
572 4118 629 4179 hac
639 4138 745 4181 caussa
754 4140 818 4182 non
830 4118 948 4202 patiar.’
986 4119 1098 4198 Quum,
1113 4119 1148 4183 ut
1161 4142 1214 4184 va-

152 4246 155 4251 ’
224 4242 366 4300 ’ΜΝ
380 4239 437 4291 MS·
448 4239 582 4370 νὲὶίῆιᾝ
602 4242 1170 4359 q·mG¹ip³§cri⁶l{1,'⁰⁶““³⁰Ms‘v‘iffl'

583 4324 698 4374 magnos.
764 4343 770 4358 .
805 4325 827 4357 er

206 4404 681 4478 ⁹¹‘Prda....ingmaarqam]stc
710 4417 892 4478 missumst.
923 4416 1221 4486 lrujmbqudttrrrr·

176 4461 390 4608 walam
409 4480 578 4547 mam
603 4482 682 4548 “W
710 4482 1013 4618 ‘mnlfflmwl’h-
1107 4499 1111 4505 ’
