3175 5200
520 388 598 448 mu.
610 382 646 447 V.
670 386 752 447 cnt’.
765 387 850 449 LIII.
1147 398 1208 452 845

168 544 179 576 ‘
193 542 281 605 bibus
291 540 422 605 Romam
433 541 535 603 adnos
544 541 699 603 transferri
715 548 804 603 sacra
817 540 1025 622 “religiosum
1039 544 1117 605 fuit:
1135 544 1207 607 hinc
1220 556 1253 607 u.
1263 555 1292 607 c,
1304 554 1364 607 365.
1451 551 1458 566 ¹

167 630 178 661 ‘
192 629 259 691 sine
271 629 391 712 piaculo
399 628 431 689 in
447 627 579 689 hostium
588 629 692 689 urbem
709 624 803 689 Veios
809 627 1040 691 transferemus?
1052 628 1208 694 Recorda-
1219 625 1252 674 A.
1262 622 1292 673 ⁰·
1302 621 1362 673 ³⁸⁷·
1386 657 1390 663 ·

169 716 269 777 ‘mini
285 714 451 796 agitedum,
465 714 585 795 quoties
611 734 698 775 sacra
709 714 926 790 instaurentur,
952 715 1023 794 quia
1036 717 1150 797 aliquid
1170 741 1208 783 ex

168 801 295 885 ‘patrio
320 802 380 865 ritu
403 800 597 881 neglegentia
613 807 736 861 'casuve
753 800 993 881 *pretermissum
1016 811 1073 863 est.
1110 802 1209 868 Modo

169 888 328 969 ‘quares
338 897 409 969 post
428 887 600 969 prodigium
615 886 727 947 Albani
743 886 838 963 lacus,
849 885 907 947 nisi
919 886 1099 949 instauratio
1108 910 1209 952 sacro-

161 974 180 1036 .‘
194 994 260 1037 rum
283 974 543 1055 auspiciorumque
570 973 733 1050 renovatio,
760 972 889 1034 adiecta
902 969 1027 1035 Veienti
1054 974 1133 1036 bello
1152 977 1210 1038 rei·

169 1060 181 1093 ‘
194 1061 322 1143 publice
333 1060 468 1121 remedio
480 1059 559 1121 fuit?
576 1058 632 1121 'At
646 1059 751 1136 etiam,
763 1070 921 1141 tamquam
937 1071 1074 1121 veterum
1089 1061 1212 1142 religio·

169 1146 269 1207 ‘inum
285 1142 444 1225 memores,
459 1157 492 1208 et
507 1146 681 1228 peregrinos
692 1144 775 1207 Deos
791 1145 1000 1207 transtulimus
1016 1146 1158 1226 Romam,
1182 1160 1214 1210 et

168 1233 380 1296 ‘instituimus
389 1254 493 1295 novos.
516 1231 598 1295 ‚luno
609 1231 926 1313 Regina,·transvecta
937 1230 1059 1311 avenis,
1074 1254 1170 1317 nuper
1181 1236 1213 1297 in

170 1319 349 1382 ‘Aventino
363 1340 454 1401 quarn
477 1319 587 1400 insigni
611 1319 651 1379 ob
671 1318 824 1379 excellens
851 1330 1058 1381 matronamm
1078 1321 1213 1383 studium
1231 1347 1234 1354 ·

171 1404 182 1437 ‘
197 1405 368 1486 celebrique
382 1406 525 1468 dedicata
539 1415 585 1465 est
601 1404 671 1467 die?
697 1402 756 1466 Aio
771 1402 900 1467 Locutio
916 1405 1074 1488 templum,
1090 1418 1215 1490 propter

172 1490 184 1523 ‘
198 1492 352 1555 coelestem
364 1512 470 1571 vocem
484 1491 658 1553 exauditam
671 1491 701 1551 in
712 1488 870 1567 Novavia,
881 1489 1027 1571 jussimus
1042 1491 1106 1553 lieri
1120 1516 1129 1553 r
1152 1492 1213 1555 Ca·
1304 1488 1318 1503 “

172 1577 344 1659 ‘pitolinus
366 1577 454 1639 ludos
477 1577 670 1639 sollemnibus
686 1577 753 1638 aliis
773 1577 968 1654 addidimus3
993 1578 1214 1661 collegiumque

172 1664 237 1727 ‘ud
251 1664 283 1727 id
299 1684 419 1741 trorum,
429 1676 552 1726 auctore
562 1674 679 1739 senatu,
695 1664 897 1725 condidimus.
927 1663 1009 1734 Quid
1020 1664 1127 1727 horum
1137 1686 1214 1749 opus

172 1748 256 1811 ‘luit
276 1750 398 1832 suscipi,
421 1751 446 1811 si
464 1770 525 1811 una
546 1770 615 1811 cum
637 1748 733 1811 Gallis
756 1751 862 1812 urbem
887 1748 1060 1813 Romanam
1081 1751 1214 1815 relicturi

172 1835 329 1897 ‘fuimusl
355 1836 380 1897 si
404 1856 466 1897 non
491 1835 648 1898 voluntate
669 1836 834 1897 mansimus
854 1836 886 1897 in
908 1834 1062 1920 Capitolio
1087 1860 1141 1920 per
1164 1851 1214 1902 tot

172 1922 319 1983 ‘menses
345 1922 535 1985 obsidionis?
564 1922 589 1983 si
614 1923 653 1984 ab
679 1922 818 1984 hostibus
848 1933 934 1984 metu
956 1923 1066 1985 retenti
1087 1924 1212 1987 sumus?

171 2007 183 2040 ‘
197 2008 245 2071 Ile
256 2009 348 2071 sacris
360 2008 511 2090 loquimur
527 2020 559 2070 et
571 2009 609 2069 de
624 2008 766 2091 templis:
792 2009 867 2089 quid
884 2009 1010 2071 tandem
1020 2010 1059 2071 de
1073 2012 1213 2073 sacerdo-

81 2163 82 2166 ,
171 2095 183 2127 ‘
198 2096 300 2159 tibus?
329 2092 439 2157 Nonne
455 2096 486 2157 in
498 2106 632 2157 mentem
648 2095 741 2172 venit,
753 2109 900 2175 quantum
909 2096 1019 2178 piaculi
1035 2098 1214 2167 committa-

173 2181 185 2214 ‘
199 2181 269 2242 tur?
296 2180 469 2243 Vestalibus
494 2202 603 2265 nempe
618 2201 679 2243 una
694 2181 747 2242 illa
767 2181 855 2243 sedes
869 2195 928 2259 est,
943 2204 982 2245 ex
997 2204 1059 2265 qua
1072 2204 1124 2244 eas
1138 2183 1215 2248 nihil

171 2266 352 2348 ‘umquam,
364 2278 560 2349 preterquam
570 2260 640 2328 urbs
655 2280 757 2350 captu,
769 2270 873 2345 movit.
898 2267 1028 2331 Flamini
1043 2268 1123 2331 Diali
1139 2290 1214 2332 noc-

171 2352 261 2416 ‘tem
284 2374 375 2415 unam
397 2374 519 2415 manere
542 2368 629 2417 extra
643 2356 748 2415 urbem
763 2354 850 2417 nefas
875 2366 933 2416 est.
969 2354 1037 2417 llos
1066 2354 1213 2418 Veientes
1262 2414 1266 2420 .

171 2439 253 2523 ‘pro
268 2440 414 2502 Romanis
433 2441 542 2505 lecturi
558 2441 629 2502 estis
647 2440 831 2519 sacerdotes,
840 2452 873 2503 et
886 2439 1026 2503 Vestales
1040 2453 1100 2504 tuae
1109 2454 1141 2503 te
1156 2443 1211 2504 de·

171 2528 309 2607 ‘serent
333 2525 450 2588 Vesta?
483 2538 515 2589 et
540 2526 650 2587 damen
668 2546 794 2610 peregre
825 2526 992 2589 habitando
1022 2527 1054 2589 in
1077 2529 1211 2610 singulas

171 2613 306 2676 ‘noctes
321 2625 440 2676 tanturn
461 2614 518 2675 sibi
534 2614 635 2694 reique
652 2613 778 2696 publice
797 2613 910 2696 piaculi
924 2614 1105 2677 contrahet?
1128 2608 1211 2685 Quid

169 2699 183 2733 ‘
194 2701 268 2777 elia,
287 2721 352 2781 que
378 2700 533 2783 auspicato
554 2700 669 2780 agimus
695 2699 886 2761 omniafere
912 2699 992 2761 intra
1017 2701 1210 2782 pomoerium,

169 2786 244 2848 ‘eui
260 2786 415 2864 oblivioni,
431 2798 484 2848 aut
498 2787 546 2848 cui
562 2785 761 2868 neglegentia
783 2784 913 2847 damsrs?
936 2783 1070 2848 Comitia
1079 2788 1209 2867 curiata,

166 2872 180 2906 ‘
193 2876 221 2914 ⁸⁹
233 2893 298 2954 que
309 2894 371 2936 rem
383 2873 546 2935 militarem
561 2872 741 2950 continent;
768 2872 897 2934 comitia
909 2873 1088 2951 centuriata,
1099 2874 1209 2955 quibus

167 2959 334 3021 ‘consules
358 2961 552 3041 tribunosque
582 2958 727 3021 militares
747 2959 870 3035 creatis,
894 2958 947 3020 ubi
961 2959 1129 3040 auspicato,
1148 2958 1208 3020 nisi

170 3044 247 3104 ‘ubi
271 3045 420 3122 adsolent,
438 3045 501 3106 lieri
517 3045 664 3126 possunt?
681 3041 814 3106 Veiosne
833 3045 898 3105 hae
912 3043 1146 3106 transferemini
1168 3065 1208 3106 an

169 3129 391 3192 ‘comitiorum
406 3150 512 3191 caussa
532 3129 660 3212 populiis
689 3140 777 3192 tanto
798 3129 994 3192 incommodo
1011 3130 1043 3190 in
1057 3131 1209 3192 desertam

172 3217 181 3248 ‘
198 3216 276 3276 hanc
285 3216 324 3276 ab
339 3214 406 3276 Diis
421 3215 652 3295 hominibusque
664 3215 768 3276 urbem
784 3213 977 3277 convenietl'

215 3297 299 3363 LIII.
322 3298 406 3362 ‘Sed
421 3321 469 3362 res
484 3301 550 3382 ipsa
559 3299 643 3381 cogit
653 3311 771 3362 vastam
787 3299 934 3362 incendiis
948 3300 1101 3381 ruinisque
1119 3298 1211 3364 telin·-

171 3389 288 3470 ‘quere
302 3387 419 3464 urbem,
440 3396 472 3447 et
496 3386 536 3448 ad
560 3386 679 3466 integra
700 3386 805 3448 omnia
817 3383 911 3448 Veios
933 3387 1075 3470 migrare,
1089 3408 1146 3449 nec
1161 3388 1212 3451 hic

173 3472 377 3536 ‘edificando
400 3472 524 3554 inopem
545 3471 666 3553 plebem
694 3491 816 3534 vexare.
863 3469 954 3536 Hanc
979 3485 1082 3536 autem
1100 3473 1212 3556 jactari

172 3560 295 3642 ‘magis
311 3579 460 3636 caussam,
476 3579 568 3640 quam
580 3578 683 3620 veram
699 3578 774 3636 esse,
793 3569 829 3620 ut
838 3579 898 3641 ego
911 3580 973 3622 non
989 3561 1101 3638 dicam,
1115 3561 1214 3646 adpa-

171 3645 369 3724 ‘rerevobis,
391 3645 534 3722 Quirites,
552 3655 647 3727 puto;
675 3644 725 3725 qui
752 3646 944 3726 meministis,
969 3658 1040 3710 ante
1055 3645 1214 3710 Gallorum

169 3733 181 3768 ‘
199 3733 373 3812 adventum,
388 3731 478 3794 salvis
500 3733 588 3794 tectis
604 3731 731 3814 publicis
741 3731 937 3815 privatisque,
951 3746 1053 3796 stante
1068 3733 1213 3796 incolumi

172 3821 184 3853 ‘
198 3819 283 3899 urbe,
297 3820 374 3882 hanc
393 3817 611 3883 eamdem'rem
627 3829 733 3880 actam·
745 3838 821 3898 esse,
829 3831 864 3881 ut
875 3816 968 3882 Veios
982 3820 1214 3903 transmigrare·

161 3907 277 3971 “mus
320 3904 362 3970 Et
376 3905 487 3984 videte,
502 3916 649 3987 quantum
668 3905 746 3966 inter
755 3926 857 3968 meam
872 3906 1055 3969 sententiam
1066 3918 1213 3968 vesmam·

171 3994 259 4076 ‘que
282 3993 412 4070 intersit,
437 3991 561 4055 tribuni.
596 3988 672 4068 Vos,
700 3992 820 4054 etiamsi
845 4004 919 4056 tune
949 3991 1122 4056 faciendum
1152 4013 1214 4075 upn
1260 4063 1264 4067 ‚

172 4080 300 4157 ‘fuerit
311 4099 393 4142 nunc
407 4079 511 4160 utique
528 4077 700 4140 iaciendum
716 4079 852 4162 putatis:
880 4101 939 4162 ego
961 4088 1081 4157 eontra,
1098 4077 1169 4158 (nec
1182 4079 1215 4142 id

172 4161 301 4259 ‘Jhtirsti
325 4163 391 4228 sitis
405 4165 499 4247 prius,
515 4185 617 4248 quam,
632 4165 723 4248 quale
746 4166 799 4246 sit,
813 4165 983 4248 audieritis)
1001 4165 1123 4228 etiamsi
1140 4178 1213 4230 tunc

204 4325 228 4364 ⁸·
244 4291 448 4401 eas-sse]
468 4325 581 4388 essu
597 4325 671 4375 eu
704 4325 827 4403 nes·
841 4325 931 4404 ras·
951 4326 1038 4404 sem
1054 4283 1212 4406 ees-e·
1326 4309 1330 4318 '

173 4389 523 4508 memus,
553 4425 674 4521 ,sm
704 4390 1211 4518 mmm,

173 4517 560 4589 cusmuuodnspmn,
582 4521 675 4576 tuest
704 4520 1191 4589 nostraatmupettnare.
