3175 5200
348 403 405 445 πει
671 383 913 445 PROOEMIUM
932 383 988 444 bn
1008 383 1109 444 mvn

350 535 499 632 liusque
517 536 759 626 Mantuanus,
783 536 855 610 etsi
871 537 935 610 ille
962 537 1004 609 in
1030 540 1132 611 lacus
1158 533 1298 609 Benaci
1323 557 1397 631 pae-

352 635 504 708 ninsula
520 635 717 722 Sirmione‚
736 636 796 708 hic
814 635 988 710 Andibus
1011 636 1050 708 in
1073 659 1164 732 agro
1187 634 1397 708 Mantuano

356 743 414 805 est
440 743 575 818 natus3
602 745 742 823 tamen,
766 734 797 806 si
824 757 904 807 non
926 734 1007 831 ipse
1032 733 1149 825 vicus,
1181 737 1281 807 certe
1306 729 1400 804 illud

353 854 494 904 nomen
512 831 591 928 ejus
608 832 754 906 serioris
776 831 922 905 videtur
937 833 1090 929 originis
1108 857 1202 921 esse,
1228 855 1298 905 nec
1314 853 1401 927 pru·

356 930 480 1002 babile
504 939 573 1017 est,
600 941 678 1003 tam
703 929 910 1027 ignobilem
927 931 1055 1004 locum
1068 956 1145 1005 non
1163 931 1277 1004 modo
1295 927 1402 1016 Livii,

356 1028 553 1102 sedetiam
571 1028 703 1108 Saulu-
729 1040 767 1102 ot
794 1027 922 1101 Flacci
947 1028 1061 1102 finisse
1084 1029 1253 1125 patriam,
1278 1026 1399 1101 nemi·

354 1149 519 1221 nemque
549 1137 682 1223 praeter
709 1126 926 1200 Martialem
955 1127 1007 1200 rei
1036 1127 1191 1200 omnino
1216 1126 1400 1200 memoria

355 1224 581 1322 dignissime
596 1226 831 1300 mentionem
848 1227 995 1300 fecisse.

403 1323 463 1396 De
481 1323 576 1396 Livii
596 1325 825 1420 parentibus
850 1323 1082 1411 educatione,
1114 1324 1256 1415 studiis,
1282 1324 1395 1396 rebus

353 1420 583 1511 domesticis,
603 1422 820 1495 muneribus
837 1422 1010 1520 publicis,
1028 1421 1112 1493 vitas
1128 1445 1266 1517 genere
1282 1421 1399 1493 mori-

353 1521 499 1614 busque
529 1519 591 1592 vix
620 1520 826 1616 quidquam
849 1519 1031 1616 explorati
1057 1520 1247 1593 memoriae
1272 1518 1400 1617 prodi-

354 1627 437 1691 tum
453 1618 651 1714 reperitur;
678 1643 803 1714 neque
816 1628 884 1706 est,
899 1617 1001 1714 quod
1011 1617 1119 1691 valde
1133 1618 1172 1691 id
1189 1619 1395 1692 doleamus.

353 1715 454 1788 Nam
485 1740 615 1789 verum
644 1725 702 1790 est
724 1718 909 1815 judicium
939 1716 1196 1806 Valckenarii,
1226 1715 1328 1812 quod
1356 1715 1399 1790 in

357 1813 466 1888 Praef.
496 1815 543 1887 ad
571 1815 651 1912 ejus
674 1814 795 1890 Diutr.
818 1817 865 1890 de
891 1816 1107 1888 Aristobulo
1133 1839 1253 1912 nuper
1273 1814 1397 1887 Luzao

353 1913 601 1989 memoravit:
640 1913 737 1988 ‘Uti
764 1915 869 1988 fuere
897 1914 998 2012 apud
1021 1913 1220 2008 Antiquos
1246 1912 1310 2009 qui
1324 1936 1397 1985 nec

352 2018 515 2085 statuam
534 2012 602 2086 sibi
618 2013 718 2110 poni,
737 2038 806 2087 nec
823 2037 1011 2086 marmore
1028 2012 1248 2084 memoriam
1266 2011 1323 2084 sui
1349 2010 1399 2084 ad

350 2119 522 2205 posteros
540 2112 736 2209 propagari
760 2113 914 2201 vellent,
932 2134 1049 2206 quum
1067 2111 1218 2207 egregia
1234 2110 1397 2184 facinora

351 2210 420 2284 sibi
438 2233 507 2304 pro
521 2213 628 2284 omni
645 2209 883 2285 monimento
900 2210 989 2284 satis
1005 2233 1103 2282 esse
1119 2210 1395 2322 existimarent}
1517 2298 1523 2312 ἱ

351 2307 525 2382 similiter
542 2309 829 2398 Valckenarius,
856 2310 923 2403 qui
938 2332 1010 2382 nee
1029 2307 1134 2404 pingi
1157 2331 1200 2403 ‘se
1217 2331 1286 2378 nec
1302 2305 1398 2403 fingi

350 2406 483 2494 voluit,
522 2407 776 2496 arbitrabatur,
804 2405 873 2481 viri
899 2405 1107 2480 eruditione
1123 2404 1290 2498 insignis
1315 2429 1397 2478 oru-

351 2525 440 2576 nem
459 2504 680 2578 memoriam
694 2528 774 2578 esse
794 2504 930 2578 debere
953 2504 1128 2595 inlibris,
1154 2503 1288 2599 quibus
1304 2526 1397 2576 con-

352 2602 557 2676 scribendis
584 2628 724 2679 nomen
751 2629 866 2677 suum
888 2602 1022 2677 futuris
1042 2604 1185 2677 soeculis
1202 2626 1397 2675 commen·

352 2701 489 2791 desset,
516 2710 582 2774 aut
598 2700 637 2775 in
652 2702 856 2801 discipulis,
874 2726 970 2801 quos
987 2704 1187 2777 excellenti
1204 2701 1398 2795 disciplina

351 2801 399 2875 ad
429 2824 672 2884 communem
715 2802 853 2877 civium
895 2800 1134 2877 informasset
1167 2799 1395 2891 utilitatem3

350 2908 487 2989 cetera,
529 2926 610 2999 quae
648 2925 708 2975 res
740 2900 977 2990 domesticas,
1012 2907 1200 2996 parentes,
1224 2924 1397 2987 uxorem,

350 2998 503 3090 liberos,
545 3024 705 3089 amores,
744 2999 939 3088 auraicitias,
978 3000 1084 3087 lites,¹
1124 2998 1300 3071 fortunas·
1330 2998 1398 3071 vel

350 3121 548 3197 prosperas
565 3100 625 3171 vel
646 3098 820 3179 adversas
844 3106 1029 3187 spectent,
1053 3096 1156 3171 haud
1175 3095 1295 3193 magis
1312 3098 1395 3193 dig.-

348 3220 421 3270 nos
448 3222 541 3288 esse,
568 3223 650 3294 quae
674 3196 807 3274 futuris
834 3196 979 3271 saeculis
1005 3195 1254 3285 innotescant,
1280 3220 1398 3290 qaum

352 3320 434 3391 quae
452 3297 512 3369 vel
531 3295 747 3375 mercatoris
764 3290 971 3393 praedivitis
980 3292 1129 3381 fuerint,
1155 3295 1216 3369 vel
1239 3294 1310 3367 viri
1332 3318 1397 3369 ou·

345 3395 486 3489 jusque
497 3395 544 3465 in
563 3418 631 3466 sno
643 3394 772 3467 ordine
789 3402 915 3477 arteve
934 3418 1001 3467 sua
1016 3395 1211 3489 spectatiz'
1238 3393 1339 3467 Hinc
1354 3403 1398 3471 et

352 3489 560 3565 brevissimi
578 3492 730 3578 erimus,
744 3492 916 3588 exemplo
932 3514 1074 3579 eorum,
1087 3490 1154 3584 qui
1170 3490 1286 3561 vitam
1298 3489 1397 3563 Livii

351 3612 571 3687 exposuere,
600 3588 724 3661 Vossii
754 3588 928 3681 (debiat.
955 3587 1040 3660 Lat.
1059 3588 1094 3675 l,
1109 3586 1190 3683 19.)
1226 3585 1397 3677 Fabricii,

347 3684 462 3785 (Bibl.
481 3689 561 3759 Lat.
583 3686 1067 3785 l,ll,.)1Sigonii‚Mi1lleri,
1095 3686 1396 3774 Funccii‚.Ham··
1487 3766 1491 3774 ,

344 3788 501 3887 bergeri.
514 3786 761 3882 aliorumque.
814 3786 1015 3861 Verbosior
1039 3785 1193 3879 quidem
1217 3793 1397 3869 estoom-

251 3922 254 3929 ·
348 3886 531 3961 mentatio
547 3887 630 3961 dac.
650 3886 742 3959 Phil.
760 3885 952 3959 Tomasini
970 3884 1017 3957 de
1034 3885 1112 3959 vita
1125 3880 1395 3977 Livii.(Patav.

351 3988 460 4063 1630.
483 3987 608 4069 Amst.
632 3986 738 4067 1670.
765 3993 812 4059 et.
830 3983 873 4061 iu
886 3981 1079 4058 Drakenb.
1100 3980 1396 4055 ed.1Liv.1t.vrr.

347 4074 385 4187 p.
403 4089 440 4159 4.
460 4086 530 4177 sq)
547 4085 617 4158 sed
634 4082 760 4161 minus
778 4082 891 4156 habet
906 4082 944 4154 in
959 4106 1126 4171 recessu,
1140 4106 1255 4177 quam
1267 4080 1398 4155 fronte

346 4180 542 4283 promittit,
561 4193 599 4256 et
616 4207 683 4297 pro
707 4180 818 4257 certis
844 4204 887 4255 ac
911 4182 1007 4255 veris
1035 4182 1196 4255 subinde
1220 4175 1397 4269 dubiaet

205 4288 211 4297 ’
345 4285 440 4359 falsa
457 4278 673 4371 substituit„
713 4280 798 4363 Quo
816 4278 950 4369 refero,
975 4279 1124 4355 Livium
1141 4276 1299 4351 Claudio
1313 4276 1395 4349 Cae·

344 4372 415 4457 s'ari
442 4379 672 4453 adolescenti
689 4385 960 4477 preceptorem
985 4376 1102 4451 fuisse
1129 4378 1282 4461 datum3
1309 4397 1395 4473 par-
