3175 5200
388 364 450 421 sao
634 350 1098 431 „mnnrvnw

231 520 266 571 υ.
277 520 378 571 ωδε·
396 507 445 569 cui
459 503 589 567 uniuersi
604 504 734 573 ,selibras
754 500 842 565 farris
862 515 894 566 et
918 506 1121 587 “quartarios
1133 508 1199 570 vini
1210 510 1252 571 ad
1266 510 1349 572 aedes
1365 510 1440 593 ejus,

232 588 304 641 &0-
315 585 372 641 ³³⁷·
402 616 468 676 quae
486 593 525 663 in¹
538 612 606 653 arce
624 600 720 668 erant,
743 590 946 655 contulerunt.
968 613 1031 653 rem
1046 592 1130 655 dictu
1147 616 1285 678 parram,
1307 609 1441 659 ceterum

398 681 506 764 inopia
526 678 639 741 fecerat
664 697 731 739 eam
750 690 963 757 argumentum
983 679 1092 759 ingens
1115 682 1265 761 caritatis,
1284 705 1387 765 quum,
1409 704 1443 745 se

295 834 299 843 ‚
404 768 529 850 quisque
551 765 633 826 victu
656 784 711 825 suo
728 762 888 842 fraudans‚·
901 764 1073 827 detractum
1092 770 1211 851 corpori
1233 782 1326 851 atque
1340 772 1441 832 usibus

405 850 582 917 necessariis
604 850 643 912 ad
665 851 810 914 honorem
832 852 919 913 unius
940 851 994 913 viri
1017 852 1177 917 conferret
1227 853 1310 918 Tum
1336 857 1442 937 vigiles

405 938 471 1022 ejus
492 938 563 1015 locI,
586 958 645 1019 qua
664 936 814 1000 fefellerat
835 937 1020 999 adscendens
1043 939 1152 1019 hostis,
1171 942 1278 1005 citati:
1303 955 1335 1006 et
1349 963 1444 1030 quum

406 1026 438 1087 in
454 1045 558 1087 omnes
572 1045 656 1085 more
669 1023 792 1086 militari
807 1045 841 1085 se
860 1025 1139 1087 animadversurum
1157 1026 1197 1098 Q.
1213 1026 1364 1110 Sulpicius
1384 1029 1443 1091 tri·

406 1112 505 1173 bunus
527 1110 657 1173 militurn
678 1111 928 1193 pronunciasset3
960 1113 1170 1176 consentiente
1199 1114 1327 1176 clamore
1358 1114 1442 1176 mifi-

331 1224 334 1234 ·
407 1210 485 1276 tum,
507 1197 539 1259 In
559 1218 652 1259 unum
674 1196 793 1279 vIgiIem
816 1196 1042 1279 conjicientium
1064 1199 1197 1282 culpam,
1218 1200 1384 1278 deterritus,
1419 1221 1442 1261 a

409 1284 517 1347 ceteris
540 1284 704 1347 abstinuit:
727 1304 812 1346 reum
833 1284 916 1346 haud
934 1283 1057 1346 dubium
1073 1284 1138 1365 ejus
1152 1307 1249 1363 noxa,
1269 1288 1442 1367 adproban-

410 1372 489 1433 tibus
515 1370 642 1449 cunctis,
668 1370 706 1431 de
732 1392 808 1433 saxo
833 1368 972 1450 dejecit·
999 1369 1075 1432 Inde
1096 1373 1273 1434 intentiores
1292 1372 1445 1452 utrimque

409 1457 553 1519 custodia
575 1479 659 1535 csse;
691 1467 723 1519 et
746 1458 828 1539 apud
853 1453 968 1533 Gallos,
994 1458 1064 1537 quia
1089 1458 1248 1538 vulgatum
1268 1470 1344 1535 erat,
1365 1460 1446 1519 inter

409 1542 501 1605 Veios
517 1542 706 1625 Romamque
720 1544 847 1605 nuncios
861 1564 1054 1620 commeare3
1070 1555 1110 1605 et
1125 1544 1206 1625 apud
1220 1543 1390 1621 Romanos,
1406 1544 1445 1605 ab

409 1630 549 1692 nocturni
565 1630 688 1713 periculi
702 1632 859 1693 memoria
1126 1652 1131 1659 ·

295 1790 301 1801 ι
353 1789 359 1802 ‚
453 1714 596 1779 XLVIII.
619 1715 681 1779 Sed
695 1729 768 1780 aute
787 1716 890 1778 omnia
904 1717 1068 1779 obsidionis
1082 1718 1209 1799 beIHque
1221 1718 1304 1779 mala
1319 1717 1449 1779 trames

374 1822 382 1841 ⁶
409 1806 561 1888 utrimque
590 1805 756 1867 exercitum
790 1804 957 1885 urguebat:
1003 1801 1104 1865 Gaflos
1132 1804 1305 1886 pestilentia
1335 1804 1445 1879 etiarn,

399 1914 502 1977 quum
528 1893 596 1954 Ioco
616 1890 739 1973 jacente
762 1890 840 1952 Inter
863 1890 996 1952 tumulos
1019 1902 1114 1951 castra
1135 1892 1288 1968 habentes,
1311 1902 1378 1951 mm
1400 1890 1444 1950 ab

410 1978 556 2043 incendiis
576 1978 690 2040 torrido
706 1988 738 2039 et
750 1976 870 2065 vaporis
884 1976 986 2058 pleno,
1001 1976 1195 2058 cineremque,
1209 1997 1271 2038 non
1286 1976 1444 2059 pulverem

373 2082 376 2089 '
411 2066 514 2144 modo,
529 2066 656 2142 ferente,
671 2084 762 2145 quum
785 2064 858 2144 quid
874 2062 957 2124 venti
978 2075 1094 2125 motum
1114 2076 1201 2125 esset.
1217 2084 1344 2145 quorum
1358 2063 1444 2125 into·

411 2152 611 2217 lerantissima
632 2171 717 2232 gens,
738 2148 916 2229 humorique
930 2169 967 2209 ac
982 2148 1087 2230 frigori
1101 2149 1237 2227 adsueta,
1260 2170 1352 2230 quum
1370 2160 1448 2209 aestrr

412 2252 445 2303 et
467 2259 579 2321 angore
603 2246 742 2313 rexata¹‚
765 2235 895 2315 vulgatis
916 2234 999 2296 velut
1022 2236 1053 2295 in
1077 2255 1174 2317 pecua
1187 2237 1301 2297 morbis
1315 2256 1450 2297 morere-

310 2372 312 2378 ·
399 2329 488 2404 'curt
515 2322 582 2406 jam
612 2323 736 2406 pigritia
756 2321 890 2402 singulos
912 2321 1077 2402 sepeliendi
1099 2323 1270 2405 promiscue
1293 2333 1449 2383 acervatos

414 2412 551 2477 cumulos
572 2410 730 2471 hominum
752 2408 898 2469 urebant:
932 2408 1147 2489 bustorumque
1172 2409 1245 2473 iude
1267 2405 1451 2470 Gallicorum

410 2499 538 2561 nomine
560 2496 710 2578 insignem
732 2494 833 2555 Iocum
854 2494 962 2555 fecere.
1007 2492 1139 2578 Inducim
1166 2494 1278 2557 deinde
1297 2514 1368 2556 curn
1387 2493 1452 2555 Ro-

305 2578 310 2585 ’
408 2583 625 2661 manisfesta,
645 2593 677 2644 et
696 2580 860 2662 conloquia
872 2580 1021 2663 permissu
1034 2581 1251 2665 imperatorum
1271 2581 1396 2645 habita:
1420 2581 1452 2643 in

404 2674 523 2754 ‘quibua
551 2689 643 2751 quum
673 2668 850 2730 idemtidem
878 2666 959 2729 Galli
1000 2667 1114 2730 famem
1148 2668 1324 2750 objicerent,
1354 2687 1452 2749 esque

406 2758 597 2823 rnecessitate
620 2757 659 2817 ad
683 2754 872 2816 deditionem
889 2765 1044 2832 vocarent,
1068 2755 1178 2818 dicitur
1194 2755 1360 2817 avertenda
1380 2753 1449 2835 ejus

408 2843 569 2929 ,opinIonis
583 2863 690 2905 caussa
704 2841 808 2903 multis
827 2841 903 2902 locis
916 2841 1005 2923 panis
1020 2841 1058 2904 de
1074 2840 1223 2925 Capitolio
1232 2840 1365 2923 jactatus
1378 2860 1449 2901 esse

406 2933 449 2994 ¹in
473 2931 605 2993 bostium
630 2927 788 2990 stationes.
839 2925 901 2988 Sed
922 2926 989 3008 jam
1012 2949 1112 3010 neque
1133 2929 1319 3004 dissimulari,
1347 2946 1451 3009 neque

417 3017 487 3079 ferri
505 3017 586 3078 ultra
608 3015 703 3078 sames
726 3023 857 3098 poterat.
901 3011 1018 3095 Itaque,
1042 3016 1115 3076 dum
1141 3015 1269 3076 dictator
1295 3015 1454 3076 delectum

416 3126 471 3189 per
485 3125 517 3165 se
530 3102 638 3166 Ardeae
651 3102 754 3179 habet,
774 3101 954 3182 magistrum
968 3101 1103 3182 equitum
1117 3101 1152 3165 L.
1168 3100 1320 3164 Valerium
1333 3121 1354 3161 a
1366 3098 1454 3160 Veiis

409 3191 568 3260 ¹abducere
598 3189 766 3252 exercitum
784 3186 884 3268 jubet,
907 3198 1003 3270 parat,
1026 3188 1218 3270 instruitque,
1242 3187 1350 3269 quibus
1370 3185 1455 3248 baud

410 3269 511 3360 r‘npar¹
520 3276 675 3340 adoriatur
689 3276 812 3336 hostes:
828 3274 948 3335 interim
963 3273 1155 3357 Capitolinus
1171 3276 1330 3352 exercitus,
1344 3274 1455 3335 statio·

418 3365 507 3426 nibus
530 3363 699 3444 vigiliisque
726 3361 832 3437 fessus,
856 3361 1002 3443 superatis
1025 3373 1128 3423 tamen
1155 3362 1295 3424 humanis
1314 3360 1456 3422 omnibus

419 3449 518 3525 malis,
533 3469 625 3528 quum
640 3447 752 3508 famem
766 3467 859 3508 unam
883 3457 991 3508 natura
1007 3448 1166 3510 vincinon
1181 3449 1305 3526 sineret,
1320 3446 1456 3508 diemde

420 3533 470 3594 die
492 3544 699 3615 prospectans,
723 3532 842 3614 ecquod
864 3533 1009 3594 auxilium
1036 3535 1075 3595 ab
1103 3535 1252 3597 dictatore
1275 3534 1454 3616 adpareret3

418 3629 574 3702 postremo
596 3639 649 3702 spe
671 3639 789 3702 quoque
807 3617 885 3700 jam,
906 3641 969 3681 non
991 3621 1090 3681 solum
1111 3623 1193 3699 cibo,
1220 3620 1385 3696 deficiente,
1407 3630 1454 3694 et,

419 3707 446 3747 ⁸¹
457 3724 548 3786 quum
573 3705 719 3767 stationes
738 3705 948 3789 procederent,
970 3728 1065 3791 prope
1086 3707 1284 3769 obruentibus
1303 3706 1455 3768 infirmum

601 3907 866 3968 ,wanioroacm
1036 3904 1262 3959 ‘mulind
1344 3947 1351 3956 ,

454 4091 478 4126 ¹⁰
494 4089 623 4144 Quartorr'or
638 4088 696 4152 rrius]
716 4088 922 4139 ominaomina
987 4087 1359 4152 ”Qmmtimmdmufl
1373 4085 1460 4140 Qum

423 4155 522 4204 miiitum
533 4155 685 4231 exceditleum
696 4153 815 4232 modulum
824 4153 925 4215 visunt
955 4157 1078 4206 nationum
1096 4157 1121 4204 Io
1136 4157 1217 4204 «ben
1227 4155 1329 4203 mrim
1337 4155 1393 4199 ordo
1402 4167 1462 4214 pro-

361 4319 363 4324 ,
423 4235 577 4333 'fif'ffl
587 4221 847 4347 misma]
873 4283 924 4333 ra-
956 4219 1465 4345 &fiinfmffim

426 4358 490 4396 teret
508 4349 580 4408 magis
597 4357 740 4428 atramque..
757 4349 789 4398 Et
805 4350 839 4398 sic
856 4349 925 4398 tator
955 4353 1010 4411 torf,
1027 4365 1054 4401 ut
1069 4354 1172 4400 observat
1189 4351 1318 4398 Gronovius
1333 4347 1464 4428 bagred

425 4413 596 4529 rere
613 4413 720 4476 m„
733 4427 835 4538 rr·
847 4427 926 4467 m
955 4416 1124 4548 εεε
1140 4417 1467 4548 aarum:
