3175 5200
532 366 659 429 tutu
680 365 918 431 cnaxxxvt.
1167 371 1227 436 829

225 522 375 589 XXXVI.
405 513 494 589 Mitis
514 523 638 608 legatio,
662 526 693 587 ni
717 524 895 610 praeferoces
919 525 1049 607 legatos,
1072 512 1387 608 (ἷιῑὶὶηυὲυωα

183 614 281 696 magis
307 634 398 695 quam
420 612 568 675 Romanis
592 612 716 691 similes,
743 613 915 675 habuisset
926 613 1051 693 quibus,
1065 614 1378 696 postquambssaess·

181 700 329 858 pnlqndata
348 698 507 763 ediderunt
529 699 561 761 in
586 700 718 848 cqppilio
732 696 900 847 gallorum,
922 698 1011 761 datur
1033 721 1225 849 responspm:

236 798 274 849 tsr
301 807 412 849 novum
439 806 551 849 nomen
577 806 617 847 au
650 797 704 849 ant
763 806 941 848 omanorum
981 797 1084 848 tamen
1106 808 1156 850 cre
1178 808 1228 850 ere

182 874 285 937 ‘viros
300 874 394 936 lortes
409 894 485 951 esse,
509 892 639 957 quorum
658 872 806 935 auxilium
820 894 840 934 a
854 830 985 934 Clusiriis
1001 872 1040 933 ¹in
1060 893 1092 934 re
1108 874 1228 955 trepida

182 962 193 995 ‘
207 961 247 1023 sit
258 961 453 1043 inploratum.
468 973 510 1039 et,
522 961 667 1043 quoniam
678 960 833 1041 legatione
847 960 990 1023 adversus
1003 979 1038 1021 se
1054 959 1228 1037 maluerint,

182 1047 298 1129 ‘quam
313 1047 416 1124 armis,
440 1047 518 1109 tueri
540 1048 650 1125 socios,
676 1068 716 1109 ne
738 1068 771 1109 se
791 1046 914 1128 quidem
937 1066 1058 1129 pacem,
1082 1066 1174 1127 quam
1185 1045 1227 1108 illi

179 1134 355 1213 fadferant,
370 1134 556 1216 adspernari,
578 1134 604 1196 si
616 1131 722 1213 Gallis,
744 1134 904 1216 egentibus
924 1154 1011 1215 agro,
1033 1152 1124 1214 quem
1139 1132 1229 1195 latius

180 1220 191 1253 ‘
204 1220 392 1303 possideant,
407 1242 500 1303 quam
515 1222 630 1300 colant,
645 1219 772 1298 Clusini,
784 1231 902 1302 partem
917 1218 1024 1281 finium
1038 1219 1228 1281 concedente

180 1306 292 1369 ‘aliter
316 1327 425 1390 pacem
451 1308 595 1390 inpetrari
625 1328 687 1371 non
709 1328 811 1390 posse.
853 1305 895 1368 Et
923 1326 1101 1388 responsum
1125 1326 1230 1367 coram

180 1393 354 1457 ‘Romanis
371 1394 523 1477 acciperer
537 1394 634 1457 velle:
658 1406 701 1473 et,
715 1394 741 1457 si
756 1405 884 1475 negetur
904 1414 987 1475 ager,
1002 1413 1106 1454 coram
1121 1392 1229 1453 iisdem

181 1480 192 1513 ‘
207 1479 354 1543 Romanis
369 1481 577 1559 dimicaturos,
592 1493 627 1543 ut
639 1481 782 1543 nunciare
797 1480 924 1543 domum
934 1492 1070 1564 possent,
1082 1490 1229 1560 quantum

180 1566 191 1599 ‘
205 1565 286 1629 Galli
299 1568 410 1629 virtute
423 1578 539 1630 ceteros
560 1568 704 1632 mortales
725 1566 913 1651 prestarent.
956 1565 1119 1637 Quodnam
1134 1566 1167 1627 id
1177 1563 1229 1647 jus

181 1653 297 1731 ‘esset,
324 1675 431 1737 agrum
458 1676 477 1715 a
506 1654 725 1737 possessoribus
747 1666 862 1737 petere,
887 1666 941 1716 aut
967 1653 1075 1715 minari
1103 1649 1227 1713 arma?'

181 1738 329 1802 Romanis
344 1741 556 1822 querentibus,
584 1753 625 1819 et,
652 1741 748 1822 ‘quid
763 1742 794 1803 in
809 1738 933 1803 Etruria
946 1740 989 1801 rei
1003 1738 1099 1820 Gallis
1114 1735 1226 1801 essetl’

180 1846 272 1906 quum
287 1826 330 1888 illi
352 1827 403 1889 ‘se
418 1828 449 1888 in
464 1828 555 1889 armis
571 1824 622 1909 jus
643 1826 741 1905 ferre,'
769 1838 802 1889 et
822 1826 946 1890 ‘omnia
956 1826 1081 1889 fortium
1094 1826 1227 1887 virorum

180 1910 292 1990 ‘esse‚’
313 1912 454 1975 ferociter
470 1914 616 1993 dicerent,
631 1915 767 1978 accensis
784 1914 936 1995 utrimque
957 1913 1067 1975 animis
1082 1912 1123 1973 ad
1143 1931 1228 1973 arma

180 1998 365 2077 discurritur,
384 2012 417 2063 et
435 2001 576 2082 proelium
592 2001 771 2063 conseritur.
819 2000 877 2079 lbi,
887 1998 955 2083 jam
970 2000 1146 2081 urgentibus
1162 1997 1226 2060 Ro·

82 2165 84 2169 ·
179 2106 301 2147 manem
318 2087 422 2149 urbem
438 2086 521 2164 latis,
535 2087 628 2169 legati
640 2099 749 2151 contra
758 2085 819 2168 jus-
833 2088 971 2168 gentium
985 2107 1072 2149 arma
1092 2086 1227 2168 capiunt.
1239 2092 1318 2154 tegeri
1328 2108 1386 2143 eon·

179 2193 237 2234 neo
253 2173 285 2234 id
300 2173 379 2235 clam
391 2194 457 2235 esse
466 2174 578 2255 potuit,
592 2194 686 2254 quum
697 2184 768 2235 ante
782 2174 871 2255 signa
881 2172 1080 2235 Etrusconrm
1095 2184 1156 2234 tres
1170 2191 1226 2233 no·
1240 2172 1276 2208 “⁸
1288 2157 1369 2208 (ἰὼ

179 2257 318 2331 bilissimi
333 2258 550 2341 fortissimique
568 2259 715 2322 Romanae
725 2258 892 2341 juventutis
912 2269 1092 2343 pugnarent.
1107 2270 1227 2321 tanturn
1239 2238 1349 2359 3¹²¹?-

180 2345 335 2411 eminebat
356 2346 517 2428 peregrina
539 2346 643 2409 virtus.
688 2346 769 2417 Quin
791 2347 885 2409 etiam
908 2345 948 2417 Q.
963 2345 1084 2424 Fabius,
1107 2355 1228 2408 erecnrs

179 2443 268 2493 extra
282 2433 380 2494 aciem
401 2453 491 2514 equo,
518 2433 660 2495 ⁴¹ducem
679 2430 848 2511 Gallorum,
870 2432 1012 2495 ferociter
1028 2434 1060 2493 in
1079 2433 1147 2515 ipsa
1164 2432 1227 2513 sig-

178 2537 219 2579 na
247 2516 444 2581 Etruseorum
473 2520 689 2597 incursantem,
717 2530 787 2602 per·
815 2520 895 2581 latus
921 2518 1098 2581 transfixam
1128 2518 1228 2595 basta,

178 2605 313 2668 occidit:
341 2607 498 2690 spoliaque
530 2604 594 2688 ejus
625 2607 776 2688 legentem
808 2604 890 2668 Galli
921 2626 1083 2688 agnovere,
1114 2624 1228 2686 perque

178 2703 276 2754 totam
291 2692 400 2770 aciem,
426 2691 600 2754 Romanum
618 2693 753 2773 legatum
772 2714 849 2770 esse,
874 2693 1028 2774 ⁴laignum
1047 2691 1153 2753 danim
1168 2702 1226 2753 est.

177 2776 299 2840 Omissa
319 2779 389 2840 inde
409 2779 442 2840 in
462 2777 602 2840 Clusinos
618 2779 673 2857 ira,
700 2780 836 2862 receptui
851 2791 976 2855 canunt,
992 2778 1145 2840 minantes
1161 2775 1226 2838 Ro·

176 2865 286 2927 manis.
339 2863 448 2944 Erant,
476 2866 527 2947 qni
557 2865 711 2948 extemplo
738 2864 872 2928 Romam
898 2865 1031 2928 eundum
1059 2875 1226 2931 censerent.

175 2952 275 3013 vicere
294 2953 437 3031 seniores,
457 2964 491 3014 ut
513 2953 606 3034 legati
630 2953 712 3035 prins
735 2954 929 3016 mitterentur
945 2964 1084 3033 questum
1101 2950 1225 3031 injurias

177 3038 434 3118 postulatumque,
453 3050 489 3100 ut
509 3059 565 3121 pro
587 3036 655 3120 jure
679 3040 817 3120 gentium
838 3039 954 3101 violato
969 3037 1055 3099 Fabii
1075 3037 1225 3116 dederen-

178 3133 235 3183 tur.
280 3119 386 3204 Legati
408 3122 564 3185 Gallorum
587 3145 679 3205 quum
700 3144 748 3202 ea,
774 3125 854 3186 sicut
879 3136 968 3186 erant
991 3123 1148 3199 mandata,
1170 3143 1225 3183 ex·
1237 3143 1299 3192 Galli
1309 3157 1393 3210 9⁰⁸⁴*-

177 3208 359 3290 posuissent,
383 3210 502 3270 senatui
532 3229 588 3270 nec
617 3208 731 3270 factum
749 3210 901 3291 placebat
927 3209 1100 3285 Fabionrm,
1123 3219 1155 3268 et
1174 3205 1369 3287 justanputle-

177 3293 331 3377 postulare
362 3295 481 3356 barbari
511 3295 700 3356 videbantur.
728 3295 794 3373 sed,
824 3315 863 3355 ne
886 3295 930 3372 id,
963 3295 1045 3374 quod
1072 3293 1225 3374 placebat,
1236 3289 1282 3387 ff?
1290 3274 1359 3389 ff·

177 3384 204 3418 ⁴³
212 3381 389 3442 decerneret
411 3380 443 3440 in
471 3391 566 3442 tantae
588 3379 756 3442 nobilitatis
778 3381 859 3457 viris,
886 3380 1047 3442 “ambitio
1072 3380 1225 3442 obstabat.
1237 3357 1285 3455 5⁰1¹,
1307 3355 1376 3467 ’,ω’

178 3465 297 3548 ltaque,
321 3487 360 3527 ne
375 3487 469 3548 penes
484 3466 565 3548 ipsos
586 3467 677 3548 culpa
691 3478 771 3528 esset
792 3467 888 3529 cladis
913 3467 991 3529 forte
1011 3465 1130 3529 Gallico
1144 3466 1225 3528 bello
1268 3482 1278 3488 '⁴

177 3565 320 3635 accepte,
350 3553 556 3634 cognitionem
583 3554 621 3614 de
649 3554 811 3635 postulatis
837 3552 995 3616 Gallorum
1016 3555 1057 3615 ad
1078 3554 1225 3636 populum

175 3639 329 3721 rejiciunt.
349 3639 399 3700 ubi
414 3651 501 3702 tanto
517 3641 583 3722 plus
603 3641 703 3722 gratia
722 3651 815 3722 atque
835 3662 909 3725 opes
927 3642 1058 3719 valuere,
1079 3653 1125 3720 ut,
1144 3661 1224 3721 quo·>
1237 3660 1345 3710 matins

176 3747 244 3790 rum
263 3727 302 3788 de
322 3747 415 3810 poena
430 3728 586 3807 agebatur,
608 3727 721 3790 tribuni
745 3727 877 3790 militurn
897 3728 1048 3790 consulari
1072 3736 1225 3811 potestate
1237 3742 1382 3804 eoruppoe.

176 3813 207 3875 in
229 3814 439 3896 insequentem
464 3833 577 3877 annum
601 3824 784 3877 crearentur.
829 3814 898 3886 Quo
921 3814 1016 3892 facto,
1036 3814 1118 3875 haud
1139 3833 1225 3876 secus
1235 3792 1330 3858 “lm'·

235 3955 276 3998 ‘re
284 3951 381 4013 aoeipere
392 3949 467 4000 Gron.
480 3947 550 3999 Cres.
566 3957 800 4076 mqwgfrg:
810 3947 915 3997 Romanis
924 3961 946 3996 ee
954 3963 1001 3995 aee.
1017 3942 1072 3994 MS.
1084 3939 1164 3994 Veitb.

205 4130 227 4164 ⁴¹
254 4127 339 4180 Darna
361 4130 489 4195 Gollomnr]
515 4127 647 4184 Quendam
668 4144 682 4177 e
714 4129 774 4188 dato,
785 4137 813 4176 ut
822 4143 893 4176 nene
900 4125 1181 4190 pribemiatepioerentar.

174 4195 278 4244 (lenibus.
395 4185 410 4216 ⁸
747 4195 769 4228 ⁴⁸
786 4192 944 4254 numme]
973 4192 1061 4240 Patres.
1094 4191 1170 4252 Vulgo
1186 4192 1225 4240 dr·

208 4261 231 4294 ⁴⁴
247 4260 428 4325 Sigawndenem
437 4261 478 4323 eet]
499 4258 682 4323 Romaniano
715 4268 845 4308 merem:
873 4259 949 4306 minus
965 4256 1079 4320 apposite.
1117 4254 1225 4310 Quarum

175 4323 318 4387 imperatoris
334 4341 375 4390 per
391 4338 464 4374 totam
484 4328 567 4387 selem,
589 4325 683 4386 singulis
715 4325 823 4372 enoenb
838 4322 929 4388 scriptis
945 4322 1032 4372 habeon
1046 4323 1069 4369 id
1080 4324 1140 4385 quod
1151 4323 1223 4371 edidi·

175 4391 204 4436 sd
223 4392 336 4453 proximos
350 4392 531 4454 perferentibus,
548 4391 683 4439 nunciatura
716 4404 777 4437 mue.

174 4465 232 4502 ert:
258 4456 338 4505 mem
360 4459 427 4506 modo
448 4474 494 4521 qno
516 4459 607 4518 sigum
626 4469 681 4506 ante
744 4455 766 4488 ⁴⁴
782 4451 889 4516 Ambitio]
913 4451 999 4506 l’ravus
1017 4454 1043 4504 in
1061 4465 1169 4520 potentes
1185 4451 1223 4502 ss·

141 4567 145 4578 ,
175 4534 274 4586 pugnarn
285 4522 359 4571 datur.
380 4521 597 4574 steatomata.
613 4521 682 4588 S'gno
713 4533 764 4574 ror.
1135 4543 1142 4555 ·
