3175 5200
334 238 393 362 aa*
756 255 959 358 rm'mvu

171 477 205 529 11.
216 478 247 527 e.
256 478 312 529 2⁴5.
337 456 503 543 sus,‘quam
525 470 559 521 ut
575 456 701 520 cadaver
717 458 815 521 efferri
832 462 857 499 ⁸¹
871 459 1004 543 juberet,
1026 454 1133 522 tenens
1157 450 1286 544 postem,
1306 479 1374 542 pre-

172 542 312 594 A·⁰·⁵⁰⁷·
337 549 489 610 cntionem
505 546 632 630 peragit,
654 556 686 607 et
708 545 831 609 dedicat
856 548 1013 629 templum.
1056 545 1132 609 Haec
1161 560 1232 630 post
1251 559 1374 610 exactos

337 656 424 717 reges
446 632 527 695 domi
559 632 732 715 militiaque
747 645 836 716 gesta
849 635 946 716 primo
963 654 1053 696 anno.
1090 631 1166 696 Inde
1192 634 1225 698 P.
1235 632 1373 698 Valerius

337 721 456 799 iterum,
470 718 508 781 Τ.
518 719 673 781 Lucretius
689 714 828 783 eonsules
843 720 926 784 facti.

171 813 313 865 ΗΜ.
381 807 435 869 ΙΧ.
456 805 526 869 Jarn
557 801 713 888 Tarquinii
750 806 788 869 ad
804 811 831 847 ⁶²
842 805 964 870 Lartem
1006 807 1183 888 porsenam,
1217 807 1373 874 Clusinum

171 880 312 993 Ᾰξιιῗὲξ·
337 914 451 977 regem,
484 892 689 975 perfugerant.
725 894 778 972 ibi,
815 895 972 958 miscendo
1002 896 1162 959 consilium
1199 916 1373 979 precesque,

172 1010 298 1060 11.T.Lu-
337 1000 415 1042 nunc
431 980 568 1057 orabant,
583 980 595 1013 ‘
609 1000 648 1041 ne
659 1002 702 1059 se,
711 982 855 1043 oriundos
865 1004 904 1044 ex
911 980 1058 1059 Etruscis,
1073 982 1209 1066 ejusdem
1219 984 1373 1065 sanguinis

171 1075 314 1125 cretiocm.
336 1066 561 1148 ‘nominisque,
582 1078 705 1149 egentes
731 1070 868 1131 exsulare
888 1068 1069 1151 pateretur?
1099 1091 1178 1133 nunc
1209 1072 1375 1133 monebant

336 1155 440 1233 etiam,
456 1154 515 1215 ‘ne
530 1154 680 1216 orientem
697 1160 813 1217 m'orem
834 1156 966 1239 pellendi
992 1178 1077 1239 reges
1101 1157 1230 1219 inultum
1252 1158 1374 1221 sineret.

338 1241 390 1281 ‘⁸³
403 1238 484 1303 Satis
495 1240 664 1302 libertatern
680 1242 775 1323 ipsam
792 1245 903 1305 habere
915 1243 1093 1306 dulcedinis.
1122 1242 1201 1323 Nisi,
1217 1258 1330 1326 quanta
1342 1245 1372 1306 vi

293 1354 297 1371 =
336 1328 347 1361 ‘
362 1328 498 1390 civitates
513 1347 581 1389 eam
596 1339 752 1411 expetant,
763 1340 851 1391 tanta
865 1352 959 1412 regna
972 1352 1058 1413 reges
1073 1329 1250 1409 defendant,
1264 1327 1373 1413 aquari

336 1416 347 1448 ‘
360 1436 478 1477 srunma
486 1414 607 1476 infimis.
622 1415 697 1477 nihil
707 1417 871 1492 excelsum,
886 1418 971 1496 nihil,
984 1417 1066 1500 quod
1081 1439 1172 1499 supra
1186 1430 1288 1481 cetera
1299 1418 1374 1479 emi·

336 1502 347 1535 ‘
362 1514 444 1581 neat,
455 1503 485 1564 in
500 1501 671 1563 civitatibus
682 1502 755 1564 fore.
777 1502 894 1565 Adesse
909 1503 1001 1565 linem
1016 1505 1127 1585 regnis,
1144 1505 1186 1566 rei
1202 1506 1280 1567 inter
1290 1503 1373 1566 Deos

172 1590 269 1639 Pomm
336 1590 558 1671 ‘hominesque
570 1589 798 1672 pulcherrima!
822 1588 963 1668 Porsena,
978 1600 1044 1653 turn
1058 1612 1161 1671 regem
1177 1611 1242 1653 esse
1258 1591 1374 1671 Romae,

169 1656 315 1776 sseig‘ff'fl'o
335 1676 550 1741 tumEtruscae
565 1676 663 1758 gentis
678 1698 792 1759 regem,
808 1678 942 1761 amplum
955 1674 1063 1739 'lirscis
1074 1688 1167 1756 ratus,
1179 1677 1311 1740 Romam
1326 1680 1373 1741 in-

171 1802 246 1837 mano.
336 1765 414 1827 festo
439 1764 573 1826 exercitu
586 1764 678 1826 venit.
701 1761 772 1825 Non
793 1784 936 1846 umquam
957 1763 1030 1825 alias
1053 1778 1123 1825 ante
1145 1774 1247 1826 tantus
1276 1776 1372 1826 terror

336 1862 475 1914 senatum
505 1850 622 1913 invasit.
657 1850 747 1913 Adeo
761 1850 863 1913 valida
890 1872 937 1913 res
966 1862 1031 1913 tum
1047 1849 1171 1911 Clusina
1185 1863 1261 1928 erat,
1283 1869 1372 1932 mag-

336 1938 468 2023 numque
488 1936 626 2000 Porsenae
649 1958 772 2000 nomen.
797 1960 855 2000 nec
884 1937 986 1999 hostes
1015 1938 1108 1999 modo
1137 1937 1297 2015 timebant,
1321 1938 1375 1998 sed

336 2038 471 2089 suosmet
486 2026 544 2109 ipsi
556 2027 645 2104 cives,
660 2047 699 2088 ne
715 2026 856 2091 Romana
868 2024 954 2107 plebs
970 2035 1053 2085 metu
1075 2023 1222 2106 perculsa,
1246 2024 1374 2107 receptis

336 2115 368 2175 in
380 2108 485 2176 urber'n
499 2115 629 2195 regibus,
651 2114 698 2176 vel
714 2135 783 2175 cum
798 2112 940 2175 servitute
956 2132 1063 2195 pacem
1079 2111 1241 2193 acciperet.
1272 2108 1375 2172 Multa

336 2201 428 2283 igitur
437 2201 646 2263 blandimenta
655 2201 735 2282 plebi
751 2199 851 2284 perid
866 2211 986 2281 tempus
1001 2198 1040 2260 sb
1055 2207 1163 2259 senatu
1178 2198 1261 2259 data.
1277 2218 1374 2258 anno·

336 2308 383 2349 nae
393 2287 529 2369 inprimis
541 2288 646 2348 habita
657 2309 739 2365 cura,
748 2300 781 2350 et
791 2287 830 2348 ad
839 2286 1022 2348 frumentum
1034 2283 1271 2368 comparandum
1280 2284 1375 2361 missi,

338 2374 388 2433 alii
404 2374 435 2433 in
447 2371 586 2450 Volscos,
602 2372 651 2432 alii
668 2372 789 2435 Cumas.
822 2376 848 2411 ³⁴
860 2372 938 2433 Salis
954 2393 1074 2453 qnoque
1087 2370 1238 2434 vendendi
1256 2370 1392 2450 arbitri-¹

371 2484 505 2549 ⁵¹Julreret]
526 2484 642 2533 Nimirum
676 2488 755 2534 consul
785 2485 841 2534 illud
906 2487 928 2519 ⁵⁴
945 2486 1003 2533 Sulis
1052 2486 1150 2548 numm]
1206 2486 1374 2535 Difficillimum

339 2564 462 2599 omennorr
481 2552 575 2614 accepit,
600 2550 640 2598 red
667 2551 792 2614 repudiavit
818 2564 843 2599 er
873 2548 935 2598 hunc
954 2550 1029 2598 locum
1057 2551 1156 2599 feliciter
1172 2553 1293 2602 emendare
1311 2552 1375 2601 ride·
1410 2570 1414 2578 ¹

339 2614 430 2681 abjecit.
463 2615 575 2664 observat
585 2617 708 2664 Turnebus
722 2617 842 2664 Adremr.
873 2615 1057 2664 turGronoviue
1073 2617 1115 2665 hoc
1140 2621 1224 2670 modo:
1251 2619 1304 2668 ulie
1321 2634 1376 2680 qao·

338 2681 399 2730 lv.
416 2698 437 2730 c.
459 2685 483 2730 ⁷.
504 2681 597 2728 ablativo
615 2681 715 2742 auguria,
735 2681 752 2728 i.
772 2698 794 2729 e.
813 2697 841 2728 ee
872 2697 913 2742 que
931 2682 1037 2729 mderuli
1069 2682 1186 2730 arbitrium
1202 2686 1255 2746 quia
1282 2685 1376 2746 imparem

338 2761 390 2808 qua·
407 2745 581 2807 incogitantibue
599 2745 760 2804 offerebantur,
782 2745 839 2794 licu-
869 2747 940 2806 pretia
974 2746 1068 2808 venibat,
1103 2748 1128 2794 ie
1165 2750 1278 2808 publicem
1316 2763 1377 2797 omne

340 2813 382 2859 isus
403 2813 539 2872 repudiare:
554 2827 601 2859 non
622 2811 678 2859 item
695 2812 842 2872 impetrarim,
871 2818 990 2871 rammam,
1011 2812 1135 2872 cdmrptnm
1166 2815 1273 2873 priuatis.-
1306 2813 1324 2861 i.
1353 2830 1377 2865 e.

340 2893 394 2976 ‘³⁰33
402 2878 842 3007 itti'tihtffltitim
872 2872 954 3005 illi
971 2875 1377 3005 dimmittat:

337 3018 414 3072 preter
435 3006 525 3055 lactem
545 3023 629 3056 nomen
659 3023 708 3056 esse
737 3005 841 3068 honoris,
872 3021 910 3054 aar
921 3007 979 3054 circa
990 3005 1079 3053 Ortirm
1102 3005 1130 3054 eb
1148 3008 1216 3056 Anco
1234 3024 1288 3071 rege
1310 3011 1376 3058 ἡαπ

339 3088 413 3137 eoque
433 3069 542 3123 vocabulo
568 3072 663 3133 intelligi
687 3072 771 3121 debere
803 3089 843 3122 ru·
873 3071 1175 3135 (1.r.c.ss)1ocabmtur‚
1194 3075 1245 3134 eine
1265 3077 1377 3126 uendendi

338 3155 443 3204 premam
461 3140 582 3252 puemdam
607 3139 774 3186 moderatorem
803 3156 842 3204 ap-
873 3148 973 3201 potestas
984 3135 1009 3183 in
1019 3136 1135 3200 publicum
1146 3140 1255 3190 trondem
1272 3154 1318 3200 err,
1336 3143 1376 3189 ed·

337 3207 436 3268 positum
480 3205 582 3252 undecim
615 3204 792 3263 Lucumonibur,
810 3207 842 3252 ei·
874 3215 950 3266 empta
982 3202 1084 3266 privaris.
1126 3205 1215 3255 Salinae
1254 3207 1376 3256 voluerunt

338 3287 367 3318 re
388 3269 489 3332 regibus,
515 3285 572 3332 quos
592 3269 711 3317 duodecim
742 3267 842 3318 Etruriae
873 3272 977 3330 noaJam
995 3270 1126 3318 exerceris
1148 3272 1281 3335 publicanis,
1294 3273 1375 3334 quibus

338 3337 414 3398 populi
430 3336 472 3383 eibi
493 3333 587 3397 quisque
607 3335 767 3398 praeficiebant.
796 3335 841 3384 Di-
873 3333 954 3382 locerse
983 3333 1085 3391 mmor,
1100 3339 1141 3384 red
1161 3338 1185 3383 iu
1202 3338 1316 3400 publicum
1337 3352 1376 3383 re-

339 3401 431 3464 ooyeiue
459 3410 537 3448 tamen
566 3400 653 3462 accepit
682 3415 723 3463 pro
748 3402 842 3452 naurire
873 3412 951 3462 ceptae
984 3399 1099 3447 acroribus
1138 3401 1233 3463 publicis
1263 3401 1375 3450 mandari.

340 3462 454 3512 Porsena.
486 3463 532 3511 sic.
549 3465 611 3512 enirn
630 3464 698 3512 habet
715 3464 733 3516 l.
754 3479 778 3512 v.
794 3465 843 3513 lid·
875 3463 943 3517 Quod
962 3463 1095 3525 quidemsic
1112 3463 1201 3512 Gellice
1216 3463 1311 3511 reddere
1325 3479 1375 3526 pce-

338 3527 843 3592 pordrcpa,llopcircrdriahnw,i.aaa·
874 3543 964 3576 cemus:
992 3524 1035 3574 La
1054 3527 1152 3574 Gubeder
1170 3527 1255 3591 jirnnt
1280 3526 1337 3575 itere
1360 3529 1375 3574 d

338 3594 395 3640 mirae
404 3592 460 3654 Lar,
476 3593 600 3656 cugnmaine
609 3591 717 3644 Porsena.
874 3609 929 3640 cena
949 3591 964 3636 d
981 3592 1020 3652 qui
1036 3605 1064 3636 on
1074 3592 1104 3637 ter
1112 3595 1172 3639 uwit
1185 3593 1279 3639 doauffl
1296 3591 1311 3637 d
1320 3591 1375 3656 ser·

371 3657 392 3690 ⁵³
408 3657 466 3705 Sutia
505 3657 624 3705 tierrarm
659 3660 726 3720 ipsun
765 3658 844 3707 habere
873 3673 916 3718 me,
934 3671 993 3718 pour
1008 3653 1055 3702 itrt
1069 3656 1204 3704 dore‘ncrcat
1219 3659 1389 3718 amedaram·

337 3721 533 3785 dulcedinir,uiri]
548 3723 611 3770 Ante
633 3739 711 3771 rocem
729 3725 772 3772 nisi
787 3739 841 3785 sup·
872 3723 910 3768 des
924 3721 1017 3768 commis.
1051 3705 1311 3770 intramiecreriore
1331 3724 1376 3786 eig.

337 3787 446 3852 plendum
465 3800 501 3836 ert
521 3787 612 3850 aliquod
630 3790 737 3836 cretionis
765 3804 840 3836 mem·
872 3787 964 3834 nificztu
981 3783 1019 3832 hic
1038 3784 1136 3833 sumitur
1157 3803 1198 3850 pro
1212 3784 1376 3848 jurereuden.

317 3853 414 3915 ¹hrum,
437 3854 503 3918 quale
532 3865 612 3902 esset:
641 3863 663 3902 et
677 3855 774 3900 cichorea
794 3869 841 3898 om-
872 3851 896 3899 di
906 3851 960 3898 ralia
976 3847 1101 3912 publicanis
1110 3852 1194 3912 locato,
1203 3853 1252 3903 rire
1272 3857 1371 3919 ecquod

337 3935 374 3967 ner
406 3935 447 3969 rese
473 3923 498 3967 r'n
530 3920 649 3966 libertatem
682 3918 840 3976 uindicaturus,
873 3916 961 3964 Gallice
972 3915 1100 3963 diceremus
1115 3919 1135 3966 ie
1152 3921 1214 3979 porti
1223 3920 1256 3967 du
1271 3922 1309 3969 rel.
1338 3921 1376 3971 Sic

336 3985 388 4040 oiri,
398 3987 441 4032 dc.
463 3985 518 4032 Hoc
540 3999 586 4032 non
608 3982 723 4030 insolitum
744 3981 839 4029 Latinis.
872 3982 921 4029 lere
932 3981 983 4028 Cic.
1002 3991 1054 4042 post
1070 3983 1138 4032 redit.
1154 3985 1376 4034 ineeu.rr.17.ur-

339 4047 376 4094 Sic
396 4048 463 4108 infra,
481 4050 499 4097 l.
524 4063 563 4098 ut.
578 4065 598 4096 c.
619 4049 659 4096 38.
702 4043 754 4094 Jum
773 4055 840 4107 caput
872 4047 938 4094 bitrio
950 4045 1045 4110 jirncrit
1064 4048 1213 4096 rclmduntnr:
1229 4061 1253 4098 et
1274 4066 1316 4114 pro
1335 4052 1377 4101 do·

335 4111 515 4170 tierilibertetem
530 4113 679 4175 repetentium,
704 4115 723 4158 si
744 4127 764 4159 se
783 4112 842 4174 plelu
872 4127 919 4168 mo,
943 4127 967 4159 n.
989 4112 1031 4159 98.
1059 4113 1153 4160 arbitrie
1170 4122 1265 4175 petentes
1274 4115 1377 4178 saneris.

338 4177 432 4223 munirem
441 4179 576 4226 uerrutis-idat.
599 4175 666 4227 Nihil
678 4191 732 4238 ergo
742 4193 799 4240 opus
806 4191 842 4225 est
872 4177 919 4224 Ubi
934 4174 1027 4224 arbitria
1041 4174 1134 4239 ficererr's
1155 4195 1242 4227 mercer
1262 4193 1298 4230 est
1318 4198 1376 4245 peo-

339 4251 427 4288 mutare
436 4243 474 4290 hic
483 4243 698 4306 interpunctionem,
711 4245 770 4306 quod
787 4243 840 4291 tacit
871 4243 946 4290 denda
973 4239 1110 4301 libitinarih,
1132 4246 1171 4307 qui
1190 4242 1242 4307 jura
1263 4245 1378 4306 libitinae,

337 4307 386 4356 lac.
399 4307 537 4363 Gronovius,
555 4311 593 4370 qui
614 4310 697 4356 edidit:
709 4311 760 4356 eura
774 4309 839 4357 tiber·
870 4308 918 4356 rive
939 4309 1047 4357 funerum
1070 4312 1284 4374 apparandorum,a
1304 4329 1376 4380 popu.

337 4381 403 4420 ratem
413 4374 480 4434 iprum
491 4371 567 4420 taum
576 4375 705 4424 dulcedinis.
718 4373 769 4422 Nisi
782 4409 788 4423 .
805 4408 813 4423 .
832 4407 840 4426 .
871 4375 894 4424 lo
905 4376 1056 4428 redemerant.

279 4487 281 4492 ,
336 4453 396 4503 reges
411 4435 539 4504 defendunt,
550 4442 633 4504 equari
641 4455 724 4490 summa
734 4439 822 4504 irfimir.
1083 4447 1087 4451 ’
