3175 5200
487 323 564 383 usu.
578 321 632 382 rx.
649 305 731 381 oar.
746 323 860 382 xum.
1065 341 1069 349 ·
1135 306 1194 393 ssi
1248 285 1252 293 ’

150 482 224 544 dum
238 492 315 557 erat,
337 501 439 544 senem
458 481 606 544 viderant.
650 479 799 543 Militaria
820 500 912 564 opera
933 477 1097 562 pugnando
1118 478 1192 540 obe·
1202 483 1354 566 umas,

149 568 216 630 untl
242 568 415 630 Alexandro
441 567 524 646 (nam
551 587 588 629 ca
612 588 732 649 quoque
757 568 840 628 haud
863 567 962 627 minus
985 567 1100 626 clarum
1121 583 1191 625 eum
1205 551 1345 606 ww·

149 653 277 734 beant)
294 655 432 716 cessisset
445 654 587 715 videlicet
600 655 632 716 in
649 655 714 715 acie
735 653 854 714 oblatus
870 663 945 734 par¹
965 649 1099 714 Manlios
1111 649 1191 712 Tor·
1279 694 1285 700 -

151 751 272 819 qastus,
293 752 346 802 aut
357 737 494 800 Valerius
507 739 631 817 Corvus,
647 739 779 820 insignes
794 751 867 801 ante
889 737 1010 814 militas,
1027 757 1118 818 quam
1133 734 1194 797 du··

150 845 202 887 ces
212 825 245 886 l·
255 826 414 886 cessissent
425 823 524 901 Decii,
535 826 650 888 devotis
661 825 837 907 corporibus
848 825 879 884 in
895 824 1015 885 hostem
1027 834 1149 884 ruentes
1159 821 1194 882 i·

150 911 290 972 cessisset
299 910 433 993 Papirius
445 910 567 989 Cursor,
582 910 634 973 illo
643 911 777 993 corporis
788 911 906 986 robore,
917 909 971 970 illo
983 908 1115 970 animii·
1128 906 1193 968 iic·

151 1007 200 1056 tns
214 1008 294 1058 esset
308 997 440 1058 cosrsiliis
459 996 577 1078 juvenis
592 998 690 1074 uarius,
706 1017 744 1058 ne
759 997 892 1078 singulos
915 996 1080 1071 nominem,
1104 1014 1192 1055 sena·

150 1093 201 1143 tus
215 1081 277 1159 ille,
292 1085 319 1126 ⁸³
329 1103 419 1163 quem
434 1084 485 1164 qui
502 1086 561 1144 ‘ex
571 1084 690 1164 regibus
702 1080 851 1144 cosrstare’
863 1082 952 1160 dixit,
963 1101 1040 1141 nous
1055 1083 1193 1140 “ueram

151 1167 286 1250 speciem
301 1167 431 1230 Romani
448 1181 569 1230 senatus
584 1169 708 1251 cepit?⁸
734 1166 769 1228 ld
788 1188 859 1229 vero
875 1175 939 1228 erat
953 1166 1132 1250 perieulum,
1153 1184 1194 1226 oe

150 1253 299 1330 solertius,
327 1273 416 1335 squam
432 1255 556 1335 quilibet
571 1275 648 1317 uuus
672 1255 779 1332 exiis,
806 1275 882 1336 quos
896 1252 1060 1330 nominavi,
1086 1251 1195 1314 castris

149 1337 252 1400 locum
274 1349 407 1421 caperet,
433 1351 621 1402 courmeatus
646 1341 814 1422 expediret,
840 1341 880 1401 ab
903 1338 1019 1400 insidiis
1043 1340 1193 1421 praecave·

152 1435 209 1502 ret,
233 1437 353 1508 tempus
367 1447 474 1508 pugna
499 1427 655 1509 deligeret,
679 1427 776 1487 aciem
799 1427 969 1504 instrueret,
988 1423 1127 1486 subsidiis
1141 1422 1194 1483 lir-

152 1521 259 1571 msret.
302 1509 373 1572 Non
388 1533 457 1574 cum
472 1512 568 1574 Dario
582 1533 724 1574 ramesse
742 1511 889 1572 dixisset:
911 1531 1013 1591 quem,
1034 1509 1194 1570 mulierum

153 1615 190 1657 ac
205 1595 374 1678 spadonum
401 1619 511 1678 agmen
536 1599 719 1675 trahentem,
743 1598 821 1658 inter
842 1616 1004 1678 purpuram
1027 1607 1118 1676 atque
1140 1613 1195 1653 au·
1250 1635 1253 1651 .

152 1701 229 1758 rum,
257 1695 416 1745 oneratum
443 1683 571 1744 fortunae
599 1683 792 1764 adparatibus
816 1681 906 1758 sual,
933 1681 1066 1764 praedam
1084 1679 1194 1757 serlus,

152 1785 243 1846 squam
267 1767 395 1846 hostem,
420 1769 494 1829 nihil
518 1767 599 1839 aliud
622 1768 712 1848 quadr
740 1770 817 1829 bene
842 1787 930 1829 ausus
955 1788 1034 1828 vana
1057 1777 1195 1828 contem·

152 1871 234 1930 uere,
259 1853 432 1916 incruentus
458 1855 580 1917 devicit.
624 1851 728 1936 lronge
755 1853 831 1915 alius
846 1852 951 1931 ltalia,
978 1873 1068 1933 qoam
1091 1850 1196 1926 lndiae,

151 1957 206 2019 per
230 1957 320 2018 quarn
346 1941 515 2002 temulento
541 1939 661 2022 agmine
683 1939 933 2001 comissabundus
958 1938 1088 1999 incessit·
1115 1936 1196 1997 visus

153 2023 197 2104 illi
210 2024 331 2086 habitus
354 2038 444 2103 esset,
468 2028 561 2090 saltus
582 2025 698 2108 Apulia
720 2047 756 2086 ac
772 2039 891 2087 montes
906 2021 1045 2084 Lucanos
1060 2021 1197 2082 cernenti
1248 2045 1252 2054 ¹

149 2120 185 2169 et
210 2111 338 2191 vestigia
364 2113 498 2173 recentia
525 2113 696 2172 domesticae
723 2111 829 2188 cladis,
860 2109 911 2171 ubi
942 2108 1105 2172 avunculus
1130 2105 1196 2189 ejus

151 2213 249 2276 nuper
264 2193 347 2278 Epiri
363 2217 415 2257 rex
430 2197 603 2258 Alexander
617 2197 772 2258 absumtos
787 2207 863 2258 erat.

176 2277 314 2341 »xvsst
336 2279 377 2342 Et
402 2282 552 2362 loquimur
578 2283 617 2345 de
643 2283 818 2345 Alexandro
845 2283 980 2344 nondum
1013 2303 1113 2345 merso
1148 2303 1197 2345 se·

152 2365 259 2427 caudis
290 2368 389 2446 rebus,
418 2389 544 2450 quarum
573 2389 665 2430 nemo
690 2370 901 2432 intolerantior
925 2369 994 2430 fuit.
1019 2369 1081 2452 qui,
1108 2370 1133 2431 si
1158 2389 1198 2431 ex

154 2451 260 2514 habitu
286 2473 371 2515 nova
393 2454 521 2517 fortuna
542 2457 682 2536 novique,
707 2465 742 2518 ut
765 2455 810 2518 ita
825 2454 936 2529 dicam,
962 2456 1089 2536 ingenii,
1113 2455 1198 2536 quod

154 2537 212 2599 sibi
234 2539 332 2601 vietor
357 2541 506 2620 induerat,
533 2553 695 2625 spectetur,
720 2539 816 2604 Dario
839 2542 936 2624 magis
961 2542 1078 2620 similis,
1104 2561 1196 2623 quam

152 2623 338 2705 Alexandro,
372 2628 402 2689 in
435 2626 554 2691 ltaliam
581 2630 721 2707 venisset,
752 2637 783 2690 et
812 2628 980 2694 exercitum
1006 2626 1199 2691 Macedoniae

153 2709 282 2773 oblitum
299 2712 593 2796 degenerantemque
611 2713 676 2798 jam
704 2714 734 2776 iu
751 2713 908 2777 Persarum
931 2736 1030 2776 mores
1053 2714 1197 2777 adduxis-
1246 2718 1250 2726 '

152 2808 210 2858 set.
254 2796 380 2861 Referre
409 2800 439 2861 in
468 2810 556 2863 tarrto
587 2800 664 2883 rege'
693 2802 777 2883 piget
807 2802 966 2885 superbam
995 2800 1199 2865 mutationem

152 2882 256 2960 vestis,
280 2894 311 2945 et
337 2885 522 2948 desideratas
549 2887 632 2947 humi
653 2884 823 2968 jacentium
838 2887 1039 2964 adulationes,
1063 2888 1198 2950 “etiam

153 2967 240 3028 victis
271 2967 492 3032 Macedonibus
528 2992 645 3053 grava,
680 2973 791 3033 nedum
828 2972 1013 3048 victoribus,
1055 2985 1087 3033 et
1116 2972 1199 3033 foeda

155 3052 315 3133 supplicia,
336 3066 367 3115 et
381 3056 459 3116 inter
472 3056 575 3117 vinum
598 3070 630 3118 et
652 3056 755 3139 epulas
778 3056 875 3119 cades
897 3058 1074 3134 amicorum,
1098 3071 1131 3119 et
1144 3077 1198 3117 va-

153 3137 284 3199 nitatem
315 3141 514 3203 ementiendae
543 3142 655 3225 stirpis.
700 3142 792 3219 Quid,
818 3142 844 3203 si
869 3142 932 3204 vini
960 3163 1047 3203 amor
1071 3143 1103 3203 in
1133 3142 1198 3204 dies

154 3222 241 3285 heret
266 3225 387 3286 acrior?
420 3228 504 3308 quid,
530 3228 555 3287 si
582 3240 652 3289 trux
673 3248 709 3289 ac
732 3228 910 3309 praefervida
930 3228 996 3290 irai
1026 3227 1095 3306 (nec
1109 3228 1198 3310 quid-

154 3328 245 3390 quam
274 3310 398 3372 dubium
425 3313 504 3375 inter
527 3316 687 3397 scriptores
712 3314 823 3397 refero)
849 3308 971 3376 riallane
994 3313 1059 3377 hac
1087 3314 1200 3379 damna

184 3471 195 3497 ¹
207 3481 251 3527 par
260 3466 305 3515 del.
316 3465 390 3520 Doer.
483 3477 566 3531 ¹signs
578 3473 686 3535 lnsmog.
698 3484 748 3539 poa
757 3474 832 3538 duan,
841 3484 938 3539 nastes,
947 3477 1018 3525 suast
1027 3478 1200 3543 steepitpssits

153 3528 199 3580 del.
213 3528 273 3595 Rup.
370 3532 382 3565 δ
396 3549 440 3583 srsae
449 3537 590 3599 apparatibus
601 3536 674 3587 Grau.
685 3538 754 3591 Cres.

152 3668 264 3721 edidimus
285 3674 312 3733 s‘i,
333 3672 374 3723 ubi
399 3674 482 3734 rulgsri
504 3676 590 3725 habent
611 3679 663 3737 das,
723 3676 745 3712 ⁶⁸
764 3678 841 3727 Veram
872 3682 961 3742 queisn
992 3679 1087 3730 uam
1112 3692 1202 3734 matus

154 3752 185 3785 es
203 3739 339 3786 samaritane
361 3740 512 3803 antiquissimi
531 3744 601 3790 nostri
622 3758 660 3791 co·
691 3743 1148 3806 espis1Verssoblmsgiseltosnsuoss
1163 3762 1200 3795 se·

154 3800 217 3867 digis,
248 3804 276 3851 ad
302 3819 371 3866 quern
401 3806 505 3855 alludunt
533 3808 580 3869 alii,
609 3818 660 3860 toas
692 3821 773 3857 aaron
795 3809 839 3857 sibi
860 3810 983 3857 exhibuits
1008 3824 1088 3860 sensa
1106 3823 1202 3872 seusam

155 3864 280 3923 Gronosio,
295 3870 528 3928 tumnoblsexcuss's,
541 3872 564 3919 la
580 3874 662 3935 quibus
694 3872 793 3921 Romani
814 3875 931 3922 actionem
951 3888 1067 3925 assecutas
1084 3888 1128 3926 est.
1160 3877 1201 3926 sse
1283 3879 1294 3896 ’

154 3930 299 3991 legiturlls's'.
333 3934 451 3991 Nimirum
464 3934 494 3983 sb
511 3939 528 3983 a·
544 3950 660 4001 sumptum
694 3938 776 3987 llorst.
793 3939 1041 3990 aestuatus.
1062 3938 1203 4002 Quive&

153 4010 195 4060 pso
206 4007 258 4045 nota
269 4000 358 4047 numeri
370 3999 458 4065 peperit
471 4016 572 4051 errorem
585 4002 659 4063 salga-
691 4004 963 4066 sliass·eris....csps'sts
981 4003 1007 4053 id
1024 4017 1069 4063 cst,
1083 4005 1123 4067 qai
1140 4007 1201 4054 lass·
1221 4035 1228 4040 -

109 4093 115 4108 s
154 4070 185 4127 tac
206 4061 324 4111 lectionis:
349 4082 400 4127 quse
427 4066 519 4129 quidem
541 4066 662 4117 annitens
693 4069 757 4127 gloss
773 4082 862 4127 reram,
877 4068 925 4118 sirs
944 4070 1050 4118 mbas·
1065 4070 1109 4119 sibi
1128 4070 1201 4133 finget

152 4125 234 4174 sitioss
255 4140 298 4176 sss.
330 4128 385 4179 Non
404 4130 466 4181 caim
488 4132 529 4181 soli
550 4132 604 4187 duo,
622 4134 661 4183 sed
694 4132 894 4182 diversassseris.

154 4191 295 4241 lsrsorsnes
314 4193 329 4241 il
347 4196 386 4258 qui
404 4210 577 4247 recensentur
589 4198 663 4259 Livio,
725 4194 748 4231 ⁶⁵
766 4196 840 4246 Etlsss
860 4198 923 4248 sistis
941 4196 1098 4263 limacibus
1109 4197 1200 4265 grau]

152 4256 251 4321 juvenes
262 4257 384 4309 Camillum
395 4277 474 4311 senem
482 4264 596 4313 siderant.
693 4258 758 4315 Quas
770 4262 917 4319 Macedonas,
927 4262 1014 4311 etiamsi
1031 4263 1085 4313 sisti
1094 4264 1201 4321 sauss.

155 4316 209 4436 σω
227 4320 358 4452 Qnspasynppi
381 4343 407 4377 aa
424 4328 520 4393 regibus]
546 4328 593 4380 Hic
615 4328 661 4377 luit
692 4339 782 4387 grsssts
799 4327 915 4389 tulissem,
938 4326 1025 4379 uadum
1044 4345 1084 4379 eas
1100 4330 1199 4381 tdasss

177 4400 247 4449 saus,
339 4391 346 4403 ‘

154 4451 249 4503 mm
269 4454 301 4503 Ἠ
357 4392 525 4463 ηςίιιὶεῑιῐιιε.
559 4390 661 4443 Vidin-
691 4394 901 4457 possessores.
