3175 5200
486 360 566 423 mu.
578 361 619 429 11.
636 359 719 426 cAP.
734 358 875 425 xlrvm.
1160 366 1217 431 ase

179 520 274 587 tristis
295 518 536 591 umennmbus
559 532 624 587 tam
649 517 737 583 eloris
756 518 921 583 funeribus.
966 516 1073 603 Itaque
1091 518 1217 598 'consul
1230 519 1263 571 U·
1275 518 1373 577 0274·

179 609 358 673 decernente
375 614 484 677 senatu
512 607 710 690 triumphum,
739 602 799 669 ‘Si
824 603 973 669 exercitus
999 608 1063 669 sine
1085 585 1372 690 impera-³2⁰2&

177 694 188 727 ‘
203 706 269 759 tore
280 694 466 777 triumphare
476 694 582 776 possit,
591 715 646 777 pro
657 693 771 757 eximia
779 714 816 755 eo
824 692 905 755 bello
913 714 1005 775 opera
1015 694 1105 757 facile
1112 715 1220 776 passu·

179 781 190 855 ‚⁴
205 780 291 859 rum,’
303 780 477 864 respondit:
493 781 556 859 ise,
567 780 682 843 familia
701 780 823 843 funesta
833 777 872 849 Q.
884 776 970 841 Fabii
995 779 1095 843 fratris
1110 792 1219 857 morte,

126 936 129 943 Α
149 940 153 945 .
178 864 189 923 .‘
204 868 357 949 republica
366 888 404 931 ex
412 880 500 950 purte
512 866 712 932 orbaconsule
721 867 819 929 altero
828 866 950 942 amisso,
957 866 1078 948 publico
1086 867 1220 947 privato-

102 950 108 967 '
180 954 265 1035 ique
285 954 449 1018 deformem
470 954 554 1017 luctu
574 955 707 1017 lauream
719 974 780 1015 uon
795 948 1011 1033 acceptummss
1038 951 1131 1015 Omni
1148 964 1220 1017 aeto

181 1040 333 1123 triumpho
355 1041 509 1123 depositus
532 1041 700 1123 triumphus
726 1039 835 1103 clarior
864 1038 932 1101 fuit.
958 1038 1036 1100 adeo
1068 1049 1170 1120 spreta
1189 1039 1222 1101 in

180 1137 318 1209 tempore
332 1127 431 1211 gloria
441 1127 593 1193 interdum
602 1126 782 1190 cumulatior
796 1124 885 1187 redit.
907 1122 1028 1187 Funera
1037 1124 1148 1185 deinde
1161 1123 1222 1187 duo

181 1211 324 1295 deinceps
340 1214 463 1295 collega
477 1213 636 1294 fratrisque
656 1212 750 1275 ducit.
771 1212 853 1275 idem
873 1212 905 1273 in
927 1220 1055 1291 utroque
1073 1210 1223 1288 laudator,

180 1319 283 1381 quum,
315 1300 511 1361 coneedendo
536 1299 594 1363 illis
623 1320 692 1363 suas
706 1298 820 1376 laudes,
842 1298 908 1379 ipse
925 1297 1092 1359 maximam
1106 1308 1224 1379 parter

181 1406 284 1453 earum
299 1384 400 1448 ferret.
443 1384 550 1468 Neque
573 1386 722 1449 irrmemor
741 1384 816 1467 ejus,
847 1384 928 1465 quod
943 1383 1224 1447 initioeonsulatus

181 1470 346 1548 inhiberet,
382 1472 596 1535 reconciliandi
621 1473 737 1533 animos
764 1470 872 1553 plebis,
892 1471 1011 1532 saucios
1031 1469 1143 1533 milites
1165 1490 1224 1532 ,cus

183 1556 293 1623 sandes
305 1556 412 1620 dividit
427 1556 572 1623 Patribus.
589 1557 690 1621 Fabiis
704 1556 825 1642 plurimi
846 1556 930 1619 dati:
953 1577 1011 1618 nee
1023 1556 1095 1617 alibi
1111 1554 1225 1637 majore
1293 1629 1300 1639 .

181 1664 256 1713 ‚curn
278 1643 387 1707 babiti.
416 1640 492 1709 Inde
517 1645 676 1726 populares
686 1642 753 1727 jam
779 1663 845 1707 esse
859 1640 966 1704 Fabii:
989 1662 1045 1703 nec
1071 1642 1131 1705 hoc
1152 1641 1225 1718 ulla,

181 1729 240 1791 nisi
256 1728 368 1793 salubri
383 1727 564 1811 reipublicae‚
580 1742 655 1793 arte.
1263 1761 1269 1773 =

203 1860 204 1867 κ
226 1812 371 1877 XLVIII.
394 1812 491 1896 Igitur
506 1836 567 1879 non
594 1814 717 1879 Petrum
741 1815 850 1897 magio,
872 1835 963 1896 qnam
983 1814 1091 1896 plebis,
1116 1814 1224 1878 studiis
1237 1834 1313 1884 mc.
1325 1836 1381 1885 275.

178 1898 224 1969 Κ.
237 1899 349 1966 Fabius
370 1920 439 1964 cum
464 1900 503 1965 T.
534 1899 672 1983 Virginio
707 1902 812 1966 consul
842 1902 952 1979 sactus,
977 1902 1109 1982 '⁵⁸neque
1133 1902 1223 1979 bella,
1237 1899 1375 1977 nutv.

182 2008 280 2069 neque
304 1987 450 2066 delectus,
474 2008 570 2069 neque
596 1988 689 2049 ullam
724 1989 818 2053 aliam
840 1988 971 2071 priorem
996 2008 1101 2049 curram
1123 1965 1391 2080 agmafiffssffi

182 2094 275 2155 quam
290 2086 335 2151 ut,
357 2072 424 2155 jam
439 2073 541 2154 eliqua
565 2095 604 2136 ex
625 2085 712 2156 parte
726 2073 872 2137 Inchoata
884 2073 1055 2137 eoncordia
1068 2095 1133 2157 spe,
1162 2076 1225 2155 pri·
1236 2096 1299 2160 ginis
1310 2092 1375 2143 cm

183 2180 235 2227 mo
258 2181 377 2241 quoque
406 2172 542 2241 tempore
560 2181 630 2221 eum
651 2158 790 2223 Patribus
818 2162 1022 2223 coalescerent
1044 2161 1138 2222 animi
1160 2162 1226 2242 ple·

182 2245 242 2313 his.
286 2244 395 2327 Itaque
419 2245 567 2328 principio
602 2246 674 2309 anni
708 2246 835 2325 censuit,
868 2248 1041 2329 priusquam
1069 2247 1228 2328 quisquam

186 2332 312 2413 agraria
337 2332 411 2413 legis
440 2344 546 2395 auctor
586 2332 730 2395 tribunus-
747 2332 917 2411 exsisteret,
926 2335 952 2395 ,⁶⁹
965 2344 1149 2416 occuparent
1170 2331 1230 2394 Pa·

187 2428 249 2481 tres
267 2418 324 2502 ipsi
346 2438 432 2480 suum
456 2438 565 2481 munus
585 2419 703 2481 lacerer
726 2419 880 2502 captivum
906 2439 1012 2500 agrum
1037 2419 1119 2499 plebi
1141 2439 1233 2499 quam

184 2506 322 2570 maxime
351 2504 505 2588 aeqrmliter
529 2505 645 2567 clarent.
667 2504 919 2581 ⁷⁰verum¹¹esse‚
939 2505 1132 2581 heberaeos,
1157 2525 1233 2585 quo-

113 2643 116 2650 r
189 2613 256 2656 rum
287 2592 436 2676 sanguine
468 2613 504 2654 ac
541 2591 650 2654 sudore
685 2603 790 2676 partus
822 2591 873 2654 sit.
916 2589 1101 2672 Adspernnti
1130 2587 1234 2653 Patres

187 2691 285 2744 sunt:
308 2679 408 2762 questi
431 2699 549 2760 quoque
578 2679 713 2760 quidem,
734 2678 833 2740 nimia
871 2677 969 2758 gloria
982 2679 1007 2722 ⁷¹
1024 2677 1173 2738 luxuriare
1203 2688 1235 2738 et
1342 2723 1346 2733 .

182 2786 364 2830 evanescere
399 2765 531 2828 vividum
568 2765 721 2846 quondam
768 2764 845 2826 illud·
893 2762 1032 2825 Kresouis
1067 2762 1234 2844 ingenium.

189 2850 287 2915 Nulla
304 2853 414 2916 deinde
448 2853 569 2914 urbanae
600 2851 747 2914 factiones
771 2851 864 2912 fuere.
908 2847 1106 2912 Verebantur
1131 2850 1234 2912 inern-

183 2939 323 3002 sionibus
349 2937 521 3020 AEquorum
544 2936 656 3000 Latini.
685 2959 722 3000 eo
747 2958 817 3000 curn
839 2936 977 2998 exercitu
1000 2933 1091 2998 Kieso
1115 2936 1235 3012 missus,

189 3024 220 3086 in
246 3026 381 3108 ipsorum
396 3023 565 3107 AEquorum
581 3045 686 3106 agnum
704 3023 947 3106 depopulandum
978 3021 1097 3083 transit.
1140 3019 1235 3103 AEqui

192 3116 224 3171 'se
250 3112 284 3171 in'
313 3109 426 3192 oppIda
460 3122 648 3192 receperunt,
670 3111 821 3190 murisque
847 3130 880 3168 se
902 3107 1069 3177 tenebant:
1093 3127 1130 3167 eo
1153 3108 1237 3168 nulla

191 3215 293 3277 pugna
314 3195 515 3256 memorabilis
535 3194 602 3256 fuit.
646 3195 725 3255 Ata
747 3191 875 3254 Veiente
897 3192 985 3253 hoste
1006 3191 1106 3271 clades
1127 3212 1236 3273 accep·

186 3293 228 3342 *ta
256 3281 437 3342 temeritate
461 3279 583 3340 alterius
613 3278 753 3338 consulis.
776 3288 938 3355 actumque
964 3277 1002 3335 de
1024 3276 1161 3338 exercitu
1190 3276 1236 3346 fo,-

187 3379 251 3444 ret,
273 3364 303 3426 ni
335 3363 375 3426 K.
413 3363 522 3425 Fabius
557 3364 588 3425 in
619 3375 755 3445 tempore
781 3361 917 3423 subsidio
942 3360 1083 3440 venisset.
1126 3361 1175 3424 Ex
1200 3383 1238 3424 eo

141 3469 143 3476 ⁴
187 3465 330 3534 tempore
350 3470 448 3532 neque
473 3470 535 3531 pax
561 3467 657 3530 neque
679 3448 876 3509 bellumeum
891 3444 1075 3509 Velentibue
1092 3447 1169 3526 fuit3
1192 3470 1238 3510 reo

193 3543 220 3586 ⁷²
230 3538 369 3625 proxime
391 3534 536 3599 formam¹
562 3534 712 3596 latrocimi
728 3545 862 3596 venerat.
906 3531 1090 3616 legionibus
1123 3533 1237 3611 Roma-

193 3625 240 3688 nis
267 3621 418 3690 cedebant
446 3625 477 3686 in
503 3623 619 3684 urbem.
651 3619 703 3684 ubi
725 3619 880 3683 'abductas
910 3635 1068 3682 senserant
1091 3621 1238 3704 legiones,

189 3732 283 3793 ,agros
309 3711 503 3776 incumbant
515 3731 525 3786 ;
548 3705 661 3770 bellum
688 3708 800 3788 quiete,
827 3707 959 3788 quietem
983 3707 1065 3768 bello
1087 3707 1120 3768 in
1141 3708 1238 3769 vicem

187 3798 361 3860 eludentes.
406 3795 455 3858 lta
483 3799 581 3877 neque
603 3794 705 3857 omitti
721 3805 861 3871 totores,
886 3792 963 3853 neck
978 3792 1082 3876 perfici
1107 3802 1239 3876 poterat.

199 3931 308 3995 *qum
325 3929 469 3981 mavum.
513 3928 520 3962 ¹
526 3931 624 3990 prosim
634 3929 659 3976 in
666 3927 766 3992 sensnm
783 3925 839 3976 MS.
851 3924 934 3976 vent.
983 3921 1158 3987 ινιιᾳιιιῢῐοιι.
1170 3921 1241 3972 cres.

190 4023 193 4028 ’
227 4026 250 4063 ⁶⁸
267 4027 344 4092 Neque
352 4029 419 4094 Mla]
435 4029 496 4090 Lege
506 4029 565 4077 belli.
731 4041 839 4093 pronum,
855 4023 1006 4084 mandaria
1016 4032 1170 4085 appetentem.
1201 4019 1239 4070 Si·

191 4151 193 4156 ·
228 4091 250 4130 ω
268 4094 404 4156 occuparem
416 4091 504 4154 Patres]
530 4091 621 4142 Darent
638 4092 700 4156 prius
732 4094 839 4142 militudo
849 4093 940 4140 ductae
955 4088 1025 4135 nimie
1035 4087 1203 4135 frumentorum
1212 4086 1238 4136 in

198 4173 289 4221 opernm
308 4175 375 4222 quarn
392 4159 498 4208 titlesime
515 4157 601 4216 Patres,
618 4169 644 4206 ut
656 4157 700 4205 hoc
731 4157 808 4208 herbIs
829 4157 901 4221 eopia,
921 4170 973 4216 φᾶ
995 4168 1055 4216 soepe
1072 4153 1238 4204 brenniaco

198 4239 282 4272 munus
302 4225 331 4288 ab
352 4224 451 4287 ipsorum
472 4222 611 4285 benignitate
635 4222 700 4287 plebe
731 4225 808 4273 inania
816 4238 884 4284 grana
893 4217 1015 4269 evanescit.

197 4285 301 4336 haberet.
764 4287 928 4334 w'l’roeime
939 4283 1040 4347 formam
1065 4281 1176 4330 Iomuinii
1201 4297 1238 4330 ve-

195 4337 199 4356 ¹
231 4351 255 4388 ⁷⁰
268 4351 364 4420 venun]
379 4351 488 4418 AEquum
510 4347 512 4352 ’
733 4351 807 4416 mat]
836 4353 912 4415 Prope
932 4339 1011 4398 similis
1031 4358 1081 4396 eret
1110 4343 1238 4397 lenocinio.

233 4415 589 4482 penetrantes-aum]
617 4415 703 4463 Levem
734 4417 835 4466 Preciae
846 4415 954 4481 forvum,
980 4414 1091 4481 mornado
1121 4428 1189 4479 cupre
1215 4427 1239 4462 e.

201 4483 403 4547 jactantioremque
414 4484 471 4550 fieri,
480 4494 505 4537 et
515 4484 539 4534 in
548 4497 604 4532 rena
612 4477 704 4533 comitr
735 4483 776 4534 41.
783 4479 956 4548 prnpirufidm.
