3175 5200
494 364 572 426 LIB.
584 363 621 426 V.
639 362 721 425 CAP.
734 358 832 425 XXV.
972 380 976 385 ·
1126 368 1187 434 317

147 522 281 585 antuus
293 521 374 585 ua.
401 518 454 583 n
469 518 595 583 rursm
616 520 729 583 serrum
749 517 896 581 meust.
940 515 1045 581 nom
1064 517 1189 581 intrem
1202 536 1346 589 sesso.
1451 504 1459 517 '

149 609 308 694 multiplex
336 608 443 672 seditio
471 620 556 671 erat:
579 604 664 689 cujus
688 605 837 669 leniende
854 602 963 666 carnea
984 605 1137 669 coloniam
1157 603 1275 681 inb-93
1288 603 1344 654 3⁹²·

93 774 96 783 Ι
149 694 286 775 Volscos,
316 716 376 779 quo
401 697 459 759 tria
485 694 580 757 millia
602 694 713 757 civium
741 691 950 754 Romanorum
980 692 1190 772 scriberentur,
1202 669 1293 784 {ff

149 782 356 847 deducendam
376 794 574 845 censuerantr
597 780 803 861 triumvirique
819 778 859 839 ad
879 778 912 840 id
931 779 1025 839 creati
1041 789 1128 843 terna
1138 778 1191 861 ju-

148 890 222 953 gera
243 880 274 932 et
297 874 491 955 ⁹⁰septunces
520 868 633 935 viritim
664 867 838 929 diviserant.
880 862 928 927 Fa
949 865 1071 946 largitio
1092 868 1192 950 sperni

148 969 250 1041 coepte
262 980 271 1036 ς
302 957 374 1039 quia
399 958 463 1040 spei
500 954 623 1037 majoris
661 952 833 1016 avertendas
863 952 1007 1015 solatium
1039 950 1193 1035 objectum
1301 1024 1305 1029 p

149 1044 324 1105 censebant.
367 1042 429 1105 Cur
459 1043 540 1105 enirn
568 1040 694 1124 relegari
724 1040 845 1123 plebem
870 1040 902 1100 in
932 1036 1073 1117 Volscos,
1101 1060 1193 1122 quum
1204 1048 1361 1099 Veientani·

148 1130 351 1212 pulcherrime
368 1132 440 1193 urbs
459 1128 527 1191 Veii
549 1148 680 1210 agerque
694 1125 881 1189 Veientanus
901 1126 933 1187 in
953 1137 1121 1209 conspectu
1142 1128 1192 1205 sit,
1204 1131 1301 1229 mffi

148 1216 268 1279 uberior
288 1217 475 1300 ampliorque
496 1214 637 1277 Romano
658 1214 748 1296 agro?
774 1210 890 1275 Urbem
911 1233 1032 1296 quoque
1045 1213 1112 1274 urbi
1129 1197 1271 1295 Rffiism
1282 1197 1360 1312 ᾧ,

147 1324 215 1383 mss,
236 1304 283 1366 vel
305 1304 375 1383 situ,
401 1304 448 1365 vel
476 1301 703 1385 magnificentie
728 1300 921 1383 publicorum
947 1300 1194 1384 privatorumque

148 1400 299 1453 tectorum
314 1410 351 1451 ac
366 1391 512 1466 locon1m‚
532 1388 758 1472 preponebant.
777 1386 851 1468 quin
873 1386 960 1449 ”illa
976 1407 1096 1469 quoque
1111 1389 1195 1451 actio

149 1476 338 1555 movebatur,
362 1496 427 1559 ques
449 1488 520 1559 post
542 1486 665 1559 captam
684 1473 790 1555 utique
806 1472 938 1535 Romam
959 1495 978 1535 a
1000 1471 1097 1536 Gallis
1108 1475 1194 1537 cele·

149 1564 265 1626 bratior
292 1563 361 1641 fuit,
387 1562 622 1643 transmigrandi
644 1559 746 1623 Veios.
791 1557 946 1639 Ceterum,
965 1557 1078 1644 partim
1100 1562 1194 1644 plebi,

149 1650 260 1731 partim
275 1650 407 1711 senatui
440 1650 635 1711 destinabant
665 1646 850 1709 habitandos
878 1645 990 1725 Veios;
1026 1648 1194 1731 ”duasque

149 1737 237 1798 urbes
257 1736 425 1798 communis
448 1735 619 1818 reipublice
640 1734 732 1797 incoli
749 1754 768 1795 a
788 1733 902 1818 populo
930 1733 1070 1797 Romano
1093 1756 1193 1819 posse.

149 1821 333 1885 ”Adversus
350 1842 415 1903 quae
430 1842 523 1917 quum
537 1822 703 1904 optimates
714 1821 759 1884 ita
771 1820 943 1904 tenderent,
959 1832 994 1884 ut
1008 1823 1194 1886 ‘morituros
1206 1828 1328 1907 onerarunt

146 1906 159 1940 ‘
172 1928 205 1970 se
216 1906 320 1971 eitius'
337 1909 473 1971 dicerent
487 1908 537 1970 ‘in
550 1920 714 1991 conspeetu
726 1908 833 1990 populi
842 1906 985 1987 Romani,
1001 1930 1094 1991 quam
1105 1910 1194 1991 quid·
1206 1906 1334 1960 ‘’lm“

149 1994 265 2076 ‘quam
278 2016 380 2057 earum
396 2016 495 2059 rerum
510 2006 677 2077 rogaretur.
693 1995 807 2078 quippe
821 1997 947 2057 nuncin
962 2016 1025 2058 una
1034 1998 1108 2058 urbe
1122 2010 1192 2059 tan-
1244 2038 1247 2044 -

52 2142 54 2147 .
149 2081 240 2144 ‘tum
264 2082 486 2145 dissensionum
501 2103 577 2161 esse,
589 2081 673 2163 ,quid
687 2084 719 2143 in
736 2082 853 2145 duabus
874 2082 956 2145 fore?
982 2081 1145 2146 Victamne
1159 2082 1209 2148 ut‘

149 2168 335 2250 ‘quisquam
363 2169 481 2232 victrici
510 2169 615 2252 patriae
636 2169 808 2251 preferret?
839 2169 1021 2250 sineretque,
1048 2169 1196 2252 majorem

149 2254 161 2289 ‘
175 2252 329 2317 fortunam
341 2257 440 2338 captis
455 2276 520 2317 esse
533 2253 629 2332 Veiis,
650 2275 741 2336 quam
757 2256 958 2318 incolumibus
973 2256 1082 2319 fueriti
1107 2256 1196 2321 Post·

152 2340 272 2419 ‘remo,
292 2363 325 2403 se
341 2343 469 2424 relinqui
485 2363 504 2403 a
517 2342 631 2404 civibus
651 2342 682 2403 in
697 2342 798 2425 patrie
812 2363 919 2424 posse:
942 2346 1008 2406 “ut
1024 2343 1198 2425 relinquant
1305 2400 1308 2405 ,

151 2426 162 2459 ‘
199 2429 308 2491 atrium
332 2441 423 2510 etque
442 2429 532 2507 cives,
554 2428 667 2491 nullam
687 2430 747 2490 vim
766 2449 911 2509 umquam
930 2429 1144 2507 subacturum
1167 2442 1200 2493 et

149 2448 212 2576 ‘b
224 2512 386 2577 Sicinium'
405 2514 443 2595 (is
455 2515 536 2577 enim
551 2535 589 2576 ex
605 2515 732 2577 tribunis
744 2514 841 2595 plebis
857 2515 1025 2597 rogationis
1040 2514 1105 2596 ejus
1116 2517 1197 2578 lator

147 2601 226 2680 eret)
246 2603 453 2665 ‘conditorem
465 2599 556 2664 Veios
567 2615 740 2683 sequantur,
755 2601 863 2666 relicto
884 2602 952 2664 Deo
969 2601 1111 2682 Romulo,
1133 2601 1194 2666 Dei

137 2688 159 2721 “
172 2687 247 2764 filio,
333 2701 387 2751 nte
402 2699 434 2750 et
447 2700 571 2751 auctore
586 2689 667 2751 urbis
683 2685 812 2752 Romae.'

145 2765 154 2811 'r
189 2771 252 2836 XX
282 2819 290 2836 .
324 2773 399 2837 Haec
425 2795 517 2856 quum
536 2774 633 2837 rfoedis
660 2775 876 2838 certaminibus
903 2787 1074 2858 egerentur,
1106 2774 1194 2856 (nam
1252 2844 1257 2854 ,

146 2873 267 2944 partem
283 2860 472 2924 tribunorum
492 2861 588 2945 plebis
608 2859 712 2924 Patres
738 2862 770 2923 in
790 2882 878 2924 suam
893 2865 1079 2926 sententiam
1094 2876 1197 2926 trexe-

147 2948 228 3027 rent)
262 2948 346 3010 nulla
373 2969 420 3010 res
446 2948 507 3010 elia
533 2948 672 3010 manibus
702 2960 874 3029 temperare
900 2949 1021 3032 plebem
1049 2952 1193 3032 cogebat,

148 3052 241 3113 quam
260 3035 352 3115 quod,
373 3035 425 3095 ubi
445 3035 517 3096 rixae
532 3033 759 3096 committendas
774 3055 883 3096 causes
902 3033 1018 3098 clamor
1040 3049 1124 3098 ortus
1146 3059 1196 3098 es·
1248 3051 1253 3058 '

148 3129 205 3196 eet,
227 3119 380 3201 principes
403 3131 536 3196 senatus,
560 3120 648 3201 primi
672 3120 767 3182 turbae
790 3120 963 3182 obferentes
984 3143 1028 3199 se,
1051 3123 1127 3205 peti,
1149 3123 1196 3183 ie·

149 3205 211 3283 riri,
234 3215 326 3286 atque
345 3203 444 3265 occidi
459 3203 619 3286 jubebant.
636 3206 674 3266 ab
695 3205 803 3266 horum
821 3206 963 3268 etatibu's
979 3207 1196 3287 dignitatibus-

149 3311 208 3372 que
230 3301 263 3352 et
283 3290 447 3352 honoribus
461 3289 609 3352 violandis
630 3290 702 3351 dum
722 3289 940 3367 abstinebatur,
960 3303 992 3352 et
1007 3293 1048 3354 ed
1061 3293 1195 3374 reliquos

148 3376 261 3440 similes
284 3387 412 3454 conatus
435 3375 615 3439 verecundia
638 3376 689 3438 irre
712 3376 875 3454 obstabat3
909 3376 1055 3442 Camillus
1074 3379 1199 3443 idemti-

180 3598 204 3636 ω
219 3597 345 3662 διμυωα]
364 3598 459 3665 Septem
477 3599 565 3662 uncias,
579 3601 601 3650 ii
619 3612 663 3661 est,
686 3599 1058 3663 lrlsoreqoeotemorstiuueulrm
1066 3603 1199 3666 parenthesi

147 3676 237 3768 ηπ
247 3666 392 3780 qiudecimu
398 3667 475 3744 jugeri
484 3676 571 3732 partes.
686 3666 840 3742 includimus·
863 3666 945 3745 Ouum
955 3681 1032 3746 aorem
1044 3669 1142 3744 nimium
1153 3670 1200 3717 ‹lis-

147 3773 258 3861 populum
263 3732 662 3870 iiafflsz'bffliilsdg
685 3735 1199 3862 :affisstgtqugqpss'mtfflffl

147 3877 200 3924 quse
210 3873 260 3926 port
269 3874 357 3927 saprum
368 3877 481 3938 perscipue
496 3878 509 3912 a
526 3863 598 3913 Gallis
612 3865 661 3912 Ro-
685 3864 737 3913 cula
753 3864 899 3928 oprimturu,
917 3864 995 3911 livius
1009 3876 1101 3913 revocat
1118 3864 1198 3928 prioris

149 3943 210 3976 mam
231 3931 318 3992 majore
339 3943 468 3977 animorum
488 3939 551 3978 motu
571 3942 596 3979 ct
612 3931 660 3980 fre-
685 3929 783 3978 membri
793 3929 1200 3992 memonmhnverbwqmn

149 3993 315 4072 quentioribur·
327 3993 395 4053 rrrlgo
415 3994 496 4071 studiis
514 3997 597 4056 egitrta
618 4007 662 4054 est,
676 3993 749 4060 feriis
758 3996 913 4072 certaminibus
922 4005 1050 4072 agereatur.
1145 4061 1150 4071 .

179 4123 517 4188 m...
525 4126 660 4190 ...1
758 4059 1030 4122 ...a
1045 4068 1116 4172 se
1128 4056 1199 4182 se

149 4187 214 4236 Olim
228 4190 285 4238 editi
300 4205 427 4238 mmmm.
460 4190 550 4240 Merito
564 4193 660 4242 mutarit
685 4190 724 4252 qui
745 4192 855 4239 rrdebant
873 4191 946 4250 abire,
966 4202 993 4239 ut
1012 4191 1117 4238 observat
1137 4189 1198 4241 Tau.

149 4251 296 4314 Gronoviur3
313 4269 409 4317 eamque
425 4257 611 4308 emendationem
621 4259 659 4306 fir·
686 4255 767 4304 Faber.
801 4256 887 4304 Utrum
908 4256 947 4304 bie
967 4255 1095 4320 peccaverit
1114 4255 1198 4315 aliquid

148 4329 215 4370 mam
225 4333 321 4381 qmrucr
330 4319 428 4369 Hermii
437 4322 534 4371 codices.
683 4320 826 4370 librarionnn
840 4335 932 4377 mnus,
950 4337 979 4370 an
998 4322 1075 4370 lirim
1086 4320 1133 4383 ipse
1144 4321 1198 4385 styli

179 4383 202 4419 ω
213 4384 322 4432 Adsensu
330 4401 453 4448 quicquum
461 4387 584 4452 optimam]
600 4386 660 4436 Peu-
685 4385 758 4434 calore
769 4386 888 4454 abreptus,
902 4388 954 4436 aliis
965 4386 1134 4454 dijudicandum
1146 4401 1197 4449 per·

147 4448 661 4513 &manutenementum
684 4450 808 4502 mittimur.
1055 4495 1059 4506 .

146 4515 194 4566 alic
206 4513 289 4579 ptem
306 4516 405 4580 nuribus
423 4525 542 4580 turprrarr
556 4514 654 4582 ragdos]
