3175 5200
522 380 602 445 LlB.
611 378 648 441 V.
666 378 749 445 cAP.
762 378 845 443 xm.
1139 382 1200 442 838

151 542 214 609 mul
238 566 271 609 se
291 563 361 607 eum
382 542 440 609 illis
455 542 557 627 palam
573 544 674 607 dicere
688 542 844 619 obituros3
866 560 923 603 nec
943 539 991 603 bis
1011 541 1199 624 corporibus,
1212 550 1245 599 u.
1258 548 1288 600 c.
1299 551 1359 603 ³65.

152 634 261 714 quibus
276 652 337 695 non
353 652 437 695 arma
452 630 540 709 ferre,
562 652 624 693 non
645 631 722 693 tueri
735 626 875 712 ‘patriam
898 640 1034 711 possent,
1055 640 1199 692 oneratu-
1212 619 1243 668 A.
1255 616 1285 668 ⁰·
1295 617 1355 670 ³⁸7·

34 765 44 773 ψ
153 741 202 782 ros
218 720 354 803 inopiam
370 730 566 781 armatorum.

196 805 262 871 Xb.
286 804 360 868 Haec
384 806 462 867 inter
488 805 622 867 seniores
642 804 734 867 morti
759 802 928 865 destinatos
944 800 1065 885 jactata
1081 804 1201 868 solatia.

153 890 254 956 Versae
274 894 347 960 inde
362 892 593 981 adhortationes
614 891 653 952 ad
676 911 786 973 agmen
805 888 963 971 juvenum,
988 909 1063 970 quos
1085 890 1117 951 in
1140 890 1201 953 Ca·

154 980 293 1063 pitolium
313 991 403 1061 atque
418 981 450 1041 in
471 1000 572 1041 arcem
588 978 857 1061 prosequebantur,
877 975 1128 1039 commendantes
1141 978 1204 1039 vir-

154 1068 212 1129 tuti
231 1088 335 1129 comm
354 1065 547 1147 juventaeque
566 1065 648 1127 urbis
672 1085 726 1147 per
748 1073 903 1151 trecentos
924 1063 1087 1146 sexaginta
1107 1084 1203 1126 annos

153 1154 293 1217 omnibus
323 1154 410 1215 bellis
440 1152 582 1231 victricis,
613 1171 809 1233 quaecumque
838 1150 955 1231 reliqua
983 1162 1074 1227 esset,
1105 1150 1203 1213 fortu-

153 1260 235 1303 nam.
278 1238 539 1323 Digredientibus‚
566 1239 617 1320 qui
639 1259 724 1321 spem
745 1257 870 1300 omnem
885 1249 978 1318 atque
993 1258 1084 1319 opem
1099 1258 1204 1299 secum

153 1326 304 1406 serebant,
328 1327 436 1405 abiis,
467 1327 517 1408 qui
542 1336 640 1408 capta
662 1325 744 1386 urbis
764 1344 827 1385 non
846 1343 1004 1406 superesse
1033 1334 1219 1387 statuerant·

155 1414 269 1492 exiti03
297 1434 391 1496 quum
427 1414 494 1495 ipsa
527 1433 575 1474 res
607 1412 784 1494 speciesque
812 1411 992 1473 miserabilis
1026 1424 1103 1489 erat,
1138 1424 1204 1473 tum

155 1500 308 1563 muliebris
324 1498 413 1562 fletus
434 1510 466 1561 et
491 1499 683 1562 concursatio
694 1499 831 1575 incerta,
855 1518 936 1559 nunc
959 1498 1016 1560 hos
1037 1518 1118 1559 nunc
1135 1498 1203 1559 illos

155 1588 358 1667 sequentium,
379 1587 637 1669 rogitantiumque
656 1585 736 1647 viros
755 1595 915 1665 natosque,
938 1585 987 1647 cui
1007 1606 1039 1647 se
1062 1584 1127 1646 fato
1148 1584 1205 1647 da·

156 1686 233 1752 rent,
254 1674 373 1752 ⁵⁶nihil,
399 1674 481 1755 quod
504 1668 644 1735 humanis
670 1683 841 1755 superesset
855 1671 956 1749 malis,
983 1672 1205 1753 relinquebant.

156 1781 270 1842 magna
290 1781 360 1842 pars
382 1772 487 1822 tamen
510 1780 614 1821 earum
642 1760 673 1821 in
701 1779 803 1820 arcem
831 1778 901 1819 suos
928 1769 1094 1840 prosecutae
1123 1770 1204 1837 sunt,

156 1867 213 1908 nec
230 1847 413 1928 prohibente
427 1846 500 1925 ullo,
523 1867 580 1907 nec
603 1856 751 1909 vocante:
776 1845 857 1927 quia,
882 1844 964 1926 quod
985 1846 1060 1908 utile
1075 1846 1204 1907 obsessis

157 1932 195 1994 ad
211 1933 415 1995 minuendam·
433 1932 575 1996 inbellem
593 1932 834 2011 multitudinem,
858 1931 891 1996 id
910 1952 1018 2014 parum
1039 1933 1207 1995 humanum

139 2047 140 2053 ¹
155 2030 229 2083 erat
272 2020 344 2083 Alia
364 2020 498 2083 maxime
515 2019 611 2102 plebis
632 2020 733 2098 turba,
751 2040 842 2100 quam
858 2039 917 2081 nec
937 2039 1046 2101 capere
1060 2030 1125 2082 tarn
1140 2019 1207 2081 exi-

81 2176 83 2180 ,
155 2126 232 2189 guus
254 2106 350 2186 collis,
369 2128 431 2169 nec
455 2108 535 2171 alere
558 2106 590 2167 in
611 2117 699 2169 tanta
719 2106 825 2188 inopia
844 2105 989 2169 frumenti
1013 2116 1144 2189 poterat,
1166 2126 1208 2169 ex

156 2194 231 2255 urbe
253 2194 349 2255 effusa
375 2194 459 2255 velut
486 2193 608 2275 agmine
630 2192 697 2276 jam
723 2214 785 2254 uno
812 2194 902 2276 petiit
925 2192 1111 2255 Janiculum.
1134 2192 1207 2253 inde

157 2300 227 2361 pars
242 2300 296 2362 per
311 2300 400 2361 agros
416 2280 536 2364 dilapsi,
560 2299 630 2362 pars
652 2280 741 2342 urbes
756 2291 868 2362 petunt
886 2279 1042 2358 finitimas,
1065 2280 1131 2342 sine
1145 2279 1208 2341 ullo

157 2366 235 2429 duce
250 2378 303 2429 aut
317 2386 477 2445 consensu,
500 2388 584 2428 suam
608 2368 734 2449 quisque
760 2386 858 2449 spem,
880 2388 936 2429 sua
957 2367 1095 2444 consilia,
1121 2388 1208 2429 com-

158 2452 298 2516 munibus
318 2453 494 2535 deploratis,
516 2464 727 2539 exsequentes.
771 2452 898 2514 Flamen
921 2453 1207 2523 interimQuirina-

158 2539 194 2601 lis
224 2540 415 2623 virginesque
434 2536 586 2620 Vestales,
616 2540 729 2602 omissa
758 2559 859 2602 rerum
886 2560 1009 2602 suarum
1034 2560 1116 2617 cura,
1142 2560 1208 2620 quae

158 2648 313 2689 sacromm
334 2648 436 2690 secum
453 2627 589 2714 serenda,
611 2647 676 2708 quae
695 2625 780 2707 (quia
799 2627 877 2687 vires
901 2628 941 2688 ad
964 2627 1068 2688 omnia
1082 2626 1210 2688 ferenda

157 2713 295 2794 deerant)
323 2713 521 2795 relinquenda
544 2723 655 2789 essent,
686 2712 905 2792 consultantes,
929 2713 1033 2794 quisve
1060 2733 1100 2774 ea
1123 2713 1207 2774 locus

156 2799 238 2871 fideli
255 2801 462 2862 adservaturus
483 2799 623 2862 custodia
645 2810 726 2860 esset
736 2820 746 2876 ;
770 2800 922 2881 optimum
937 2800 1063 2877 ducunt,
1082 2799 1209 2862 condita

126 2949 131 2955 ,
156 2886 188 2948 in
212 2886 334 2950 doliolis
359 2887 470 2949 sacello
491 2887 632 2970 proximo
658 2885 772 2948 adibus
798 2884 929 2948 flaminis
954 2887 1131 2964 Quirinalis,
1154 2887 1206 2947 ubi

156 2993 238 3034 nunc
250 2973 355 3054 despui
372 2973 478 3055 religio
494 2984 550 3052 est,
575 2971 717 3034 defodere
731 2995 738 3033 :
762 2984 866 3034 cetera
881 2974 962 3034 inter
978 2994 1010 3034 se
1026 2993 1119 3035 onere
1135 2993 1208 3054 par-

157 3058 216 3119 tito
231 3057 332 3120 serunt
345 3058 405 3138 via,
427 3079 492 3139 quae
514 3058 642 3120 sublicio
662 3070 755 3142 ponte
775 3058 861 3120 ducit
881 3059 922 3120 ad
940 3057 1126 3121 Janiculum.
1171 3056 1207 3119 In

159 3164 197 3204 eo
214 3143 291 3204 clivo
313 3165 364 3206 eas
391 3155 484 3224 quum
510 3142 548 3206 L.
569 3143 721 3221 Albinius,
752 3144 790 3205 de
820 3145 910 3225 plebe
938 3143 1081 3206 Romana
1102 3145 1311 3222 hommum

160 3229 378 3312 conspexisset,
411 3229 547 3310 plaustro
573 3227 736 3310 conjugem
770 3249 806 3290 ac
847 3230 958 3291 liberos
986 3230 1100 3292 vehens
1130 3229 1208 3291 inter
1220 3227 1300 3290 elem·

160 3331 295 3379 ceteram
310 3316 443 3393 turbam,
466 3335 531 3395 quae
546 3315 661 3378 inutilis
680 3313 763 3376 bello
782 3315 857 3376 urbe
878 3315 1068 3378 excedebat:
1092 3316 1209 3378 ⁶⁷salvo

159 3403 254 3465 etiam
269 3414 335 3464 tum
346 3401 519 3464 discrimine
531 3401 700 3463 divinarum
717 3401 977 3483 humanarumque
992 3423 1103 3480 rerum,
1126 3403 1208 3465 inre·

159 3490 301 3572 ligiosum
322 3500 416 3568 ratus,
437 3488 610 3550 sacerdotes
629 3486 767 3569 publicos
792 3509 935 3570 memque
955 3491 1059 3574 populi
1075 3489 1208 3554 Romani

158 3576 286 3659 pedibus
305 3576 360 3656 ire,
381 3575 531 3657 ferrique3
554 3595 587 3636 se
607 3595 643 3638 ac
663 3596 733 3638 suos
759 3575 791 3638 in
811 3576 951 3646 vehiculo
972 3578 1129 3660 conspici3
1153 3578 1208 3641 de-

132 3663 305 3725 ·seendere
335 3683 462 3726 uxorem
497 3682 533 3724 ac
565 3683 674 3745 pueros
701 3660 806 3744 jussit,
836 3663 967 3745 virgines
1000 3685 1145 3746 sacraque
1175 3666 1209 3728 in

158 3751 327 3833 plaustrum
354 3748 512 3833 inposuit=
541 3761 574 3811 et
600 3747 695 3830 Caere,
724 3769 785 3831 quo
811 3749 871 3814 iter
895 3751 1104 3814 sacerdotibus
1130 3765 1209 3832 erat,

182 3838 306 3901 ervexit.

158 3858 179 3920 p
201 3921 284 3988 XLI.
307 3921 414 3986 Romae
428 3923 560 4004 interim,
575 3924 648 3986 satis
659 3921 725 4006 jam
743 3924 895 4005 omnibus,
915 3937 952 3990 ut
970 3925 1002 3987 in
1024 3925 1079 3987 tali
1102 3946 1146 4004 re,
1170 3925 1210 3986 ad
1297 3916 1301 3927 ¹

190 4080 212 4116 ⁵⁶
233 4081 249 4112 ⁶
269 4080 344 4146 Nihil,
360 4082 420 4146 prud
436 4081 539 4132 humanit
550 4092 665 4146 superesset
696 4099 742 4148 que
759 4100 848 4146 rerum,
869 4096 894 4134 et
911 4086 1013 4134 humana
1031 4084 1114 4133 divinis
1125 4085 1210 4132 cedere

158 4148 230 4210 rnoliq
240 4147 402 4212 relinquebant]
418 4148 484 4197 Nihil
495 4149 664 4212 relinquebant,
695 4151 841 4215 juberentur.
883 4151 1025 4214 Plerumque
1043 4165 1125 4211 magns
1147 4150 1209 4197 esla-
1254 4199 1257 4203 .

159 4214 219 4275 quod
235 4213 336 4263 bumana
352 4213 428 4264 omnia
445 4215 503 4262 mala
521 4228 613 4278 possent
625 4217 665 4264 sd·
698 4216 764 4265 mitae
783 4220 860 4266 omnia
876 4215 930 4280 jura
946 4217 1068 4272 cordundit
1084 4232 1110 4264 sc
1121 4215 1209 4279 turbat,

156 4276 228 4340 jiser'e
239 4279 414 4343 'adpraesentem
433 4281 588 4330 Rornanorum
605 4281 666 4330 cala·
698 4297 741 4330 nec
752 4283 871 4345 quisquam
883 4282 998 4331 sutellius
1016 4282 1059 4330 nisi
1078 4282 1138 4343 fuges
1153 4297 1210 4344 pro-

53 4407 58 4413 ·
159 4343 273 4392 mitatem.
697 4347 886 4412 prisequsulutis
897 4363 994 4397 memor.
1019 4348 1126 4395 Albinius
1136 4348 1208 4394 etism

193 4407 214 4443 W
236 4406 252 4437 ³
273 4407 336 4458 Salso
362 4412 427 4460 etim
452 4421 501 4460 tum
527 4411 663 4474 discr-braine]
697 4425 748 4461 tum
766 4413 911 4477 divinalem
928 4413 1208 4464 sibietsuisneeessitu·

160 4471 251 4532 Ouum,
269 4472 338 4522 etiam
357 4476 381 4522 in
401 4487 466 4525 tento
483 4477 552 4534 malo,
566 4493 668 4526 semec-
692 4479 791 4532 dinibus
802 4479 929 4545 anteponit.

158 4551 199 4591 tut
215 4538 339 4592 &crimen
356 4541 482 4592 divinarum
502 4541 666 4595 homsnrnm-
