3175 5200
477 399 557 460 LlB.
571 399 654 460 vm.
679 397 763 458 CAP.
776 397 876 459 xvir.
898 441 902 449 .
1151 407 1212 466 469

165 549 275 632 fectus,
295 573 398 635 quum,
413 551 528 632 hostes,
548 553 588 616 ab
608 553 770 636 superioris
789 555 884 616 etiam
902 554 1079 617 certaminis
1093 575 1212 618 memo·
1225 582 1259 635 u,
1269 583 1300 634 c,
1310 581 1373 636 m

164 639 211 700 ria
230 639 367 723 pavidos,
387 639 520 702 clamore
539 650 630 720 atque
657 640 763 722 inpetu
792 641 893 723 primo
918 639 1067 718 fudissem
1097 643 1378 706 noenisaoasa.

164 724 232 807 ipsa
254 728 430 810 obpugnare
459 736 506 788 est
533 725 705 808 adgressus.
731 738 764 789 et
790 726 922 788 militnm
940 727 1065 808 quidem
1090 728 1117 789 is
1144 741 1212 794 crat
1282 787 1286 793 .

165 812 268 891 ardor,
289 825 325 876 ut
341 813 408 896 jam
430 812 502 874 inde
524 832 596 874 cum
618 812 706 875 scalis
729 812 893 875 succedere
906 812 948 874 ad
963 833 1064 876 muros
1085 815 1213 894 vellent,

114 893 123 906 ’
165 917 365 980 evasurosque
389 897 621 961 contenderent.
680 897 807 976 Corvus,
829 900 902 980 quia
922 898 956 960 id
978 900 1106 962 arduum
1127 900 1213 964 iactu

166 997 243 1064 erat,
266 987 369 1048 labore
384 985 515 1048 militum
530 985 644 1067 potius,
667 1005 758 1068 quam
771 985 921 1068 periculo,
942 1005 1089 1068 peragere
1105 986 1213 1070 incep-

166 1084 234 1134 tum
255 1073 362 1135 voluit.
385 1072 489 1153 itaque
511 1090 656 1153 aggerem
678 1083 711 1132 et
730 1072 836 1134 vineas
856 1073 932 1153 egit,
953 1082 1110 1153 turresque
1124 1093 1214 1136 muro

167 1158 321 1220 admovit:
345 1179 471 1241 quarum
494 1177 583 1220 usum
607 1157 687 1220 forte
701 1158 807 1220 oblata
819 1158 1033 1240 obportunitas
1047 1159 1213 1242 prevertit.
1301 1195 1306 1204 ·

166 1265 297 1326 namque
331 1243 379 1308 M.
401 1243 523 1322 Fabius,
545 1244 682 1327 captivus
704 1242 873 1322 Romanus,
903 1265 1008 1326 quum,
1029 1265 1085 1328 per
1106 1246 1212 1326 negle-

166 1331 302 1412 gentiam
317 1331 477 1395 custodum
494 1331 572 1392 festo
588 1330 637 1392 die
652 1330 778 1392 vinculis
794 1331 903 1414 ruptis,
925 1351 980 1412 per
999 1351 1119 1393 murum
1133 1332 1214 1394 inter

168 1438 263 1500 opera
286 1417 504 1495 Romanorum,
527 1417 657 1498 religata
679 1415 719 1479 ad
743 1417 869 1499 pinnam
892 1417 970 1478 muri
991 1428 1071 1480 reste
1086 1437 1214 1500 suspen·

167 1525 228 1582 sus,
251 1504 390 1565 manibus
412 1524 444 1565 se
467 1503 659 1580 demisisset3
683 1503 817 1584 perpulit
837 1504 1065 1586 imperatorem,
1079 1515 1123 1565 ot
1142 1504 1216 1566 vino

168 1591 326 1672 epulisque
349 1590 464 1672 sopitos
495 1590 600 1652 hostes
631 1588 858 1669 adgrederetur.
886 1609 945 1650 nec
975 1587 1215 1669 mojoreoerta-
1294 1629 1298 1637 ·

168 1678 251 1740 mine
273 1677 355 1758 capti
378 1697 448 1738 cum
471 1676 545 1736 urbe
566 1675 706 1738 Ausones
728 1685 811 1750 sunt,
833 1693 925 1754 quam
947 1674 1014 1734 acie
1035 1673 1094 1735 fusi
1115 1684 1215 1738 erant.
1227 1687 1386 1740 crinem·

169 1761 275 1826 Praeda
295 1772 386 1844 capta
409 1761 517 1841 ingena
543 1771 600 1822 est.
633 1759 834 1842 presidioque
858 1759 994 1842 inposito
1017 1757 1141 1822 Calibus
1165 1781 1214 1822 re·
1227 1767 1285 1800 Μ
1294 1754 1360 1830 oppt-

167 1849 266 1912 ductae
291 1847 422 1910 Romam
446 1847 590 1929 legiones.
651 1844 765 1908 Consul
794 1867 834 1908 cx
863 1846 1129 1908 senamseonsalto
1157 1817 1389 1947 tri-Rfflffi

167 1935 345 2018 umphavit:
368 1943 409 2012 et,
436 1953 475 1994 ne
496 1932 610 1996 Atilius
639 1951 747 2014 expers
777 1933 881 2013 gloria·
909 1942 1001 2009 esset,
1025 1928 1104 2011 jussi
1123 1932 1215 1994 ambo
1227 1945 1387 1998 militaria.

167 2021 307 2084 consulas
329 2020 471 2082 adversus
494 2017 648 2080 Sidicinos
671 2019 782 2080 ducere
797 2017 977 2080 exercitum.
1020 2015 1215 2078 Dictatorem

166 2120 240 2178 ante
269 2127 308 2168 ex
337 2105 601 2168 senatusconsulto
630 2099 825 2166 comitiorum
863 2102 1074 2164 habendorum
1100 2123 1217 2164 caussa
1245 2149 1249 2155 .
1354 2141 1380 2150 -·

168 2193 311 2256 dixemnt
335 2191 369 2253 1..
384 2189 545 2252 AEmilinm
566 2187 804 2250 Mamercinum.
826 2187 852 2249 is
876 2189 1056 2270 maganum
1078 2189 1376 2268 equitummmp,

111 2283 114 2292 ¹
169 2277 209 2348 Q.
233 2276 394 2340 Publilium
421 2275 580 2339 Philonem
604 2275 693 2337 dixit.
737 2273 898 2338 Dictatore
921 2274 1050 2337 comitia
1070 2274 1216 2352 habente,
1227 2275 1345 2328 Μὴ*-
1378 2310 1384 2336 r

169 2365 308 2428 consules
328 2364 423 2426 creati
442 2375 514 2425 sunt
532 2361 572 2424 Τ.
586 2359 741 2439 Veturius,
764 2358 819 2442 Sp.
837 2359 1019 2424 Postumius.
1062 2358 1130 2422 Etsi
1144 2338 1379 2458 belliffigjffi

167 2471 238 2535 pars
260 2473 330 2514 cum
353 2447 497 2512 Sidicinis
519 2448 673 2524 restabat3
705 2457 821 2525 tamen,
841 2458 878 2509 ut
898 2447 1047 2510 beneficio
1068 2447 1380 2534 preveni-mm,

168 2549 238 2601 rent
259 2537 443 2601 desiderium
464 2535 573 2618 plebis,
596 2533 634 2595 de
656 2534 778 2596 colonia
799 2533 981 2596 deducenda
994 2532 1085 2596 Cales
1104 2533 1215 2596 retule-
1229 2537 1365 2617 Spl’w·

168 2636 260 2688 runt:
283 2625 425 2706 factoque
441 2621 715 2699 senatusconsulto,
737 2632 773 2682 ut
795 2621 856 2683 duo
870 2622 968 2684 millia
982 2620 1216 2703 quirrgentimo-
1229 2602 1355 2683 ΨΜ

168 2712 267 2773 mines
290 2734 328 2773 eo
348 2710 562 2786 scriberentur,
578 2707 900 2769 triumviroscoloniae
919 2706 1107 2770 deducendae
1126 2726 1218 2788 agro-

169 2818 228 2879 que
260 2796 425 2861 diridendo
456 2808 633 2859 creaverunt
659 2791 700 2857 K.
723 2792 873 2874 Duilium,
894 2791 935 2860 Τ.
956 2792 1147 2875 Quinctium,
1169 2790 1219 2859 M.

168 2882 306 2949 Fabium.
486 2900 488 2907 '
632 2917 634 2925 ·
890 2900 895 2907 ’
1046 2936 1051 2945 .
1130 2928 1135 2937 ·

209 2968 312 3033 XVll.
346 2970 423 3033 Novi
454 2972 565 3035 deinde
594 2972 743 3050 consules,
775 2992 794 3033 a
821 2970 975 3035 veteribus
1003 2973 1140 3038 exercitu
1164 2996 1218 3039 ac·

168 3068 269 3139 cepto,
292 3057 419 3137 ingressi
441 3058 577 3120 hostium
604 3057 690 3134 fines,
719 3058 897 3140 populando
922 3076 1019 3138 usque
1042 3061 1083 3121 ad
1103 3062 1219 3125 moenia

169 3154 260 3223 atque
282 3143 387 3203 urbem
403 3154 620 3225 'pervenerunt
665 3141 722 3222 lbi,
742 3143 825 3223 quia,
844 3144 963 3224 ingenti
978 3146 1117 3207 exercitu
1130 3166 1218 3207 com·

169 3240 288 3312 parato,
314 3226 442 3289 Sidicini
460 3239 508 3289 'et'
524 3228 582 3310 ipsi
613 3248 669 3311 pro
696 3238 836 3290 extrema
859 3248 914 3311 spe
937 3228 1111 3291 dimicaturi
1133 3232 1218 3293 enisa

168 3315 359 3391 videbantur,
373 3326 405 3375 et
421 3311 579 3376 Samnium
595 3312 678 3375 sama
693 3324 759 3375 erat
773 3314 888 3375 conciri
900 3313 941 3375 ad
955 3314 1092 3392 bellum3
1115 3316 1216 3379 diem

169 3414 219 3465 tor
233 3402 272 3463 ab
287 3399 459 3461 consulibus
483 3418 522 3463 es
547 3400 728 3463 auctoritate
751 3412 876 3463 senatus
895 3400 995 3463 dictus
1009 3400 1043 3463 Ρ.
1057 3402 1217 3465 (hamelius
1230 3422 1390 3479 Romu„

169 3486 320 3566 Rufinus3
353 3487 500 3569 magister
526 3487 661 3569 equitum
687 3482 735 3548 M.
756 3485 934 3549 Antonium·
961 3485 1082 3571 Religio
1096 3488 1217 3553 deinde
1229 3493 1337 3543 &¹⁸¹⁸-

168 3574 305 3652 incessit,
324 3572 400 3635 vitio
423 3594 475 3634 eos
501 3584 639 3635 creatos:
663 3574 904 3657 magistratuque
929 3595 962 3636 se
987 3574 1217 3639 abdicaverunt.

167 3671 209 3739 et,
236 3659 307 3741 quia
329 3657 506 3741 pestilentia
531 3660 670 3723 insecuta
694 3674 751 3739 est,
776 3661 883 3723 'velut
906 3660 1049 3723 omnibus
1073 3683 1112 3723 eo
1138 3662 1216 3725 vitio

169 3746 321 3809 contactis
342 3744 494 3829 auspiciis,
516 3766 564 3809 res
580 3747 620 3808 ad
635 3747 843 3829 interregnum
862 3747 963 3810 rediit.
987 3746 1026 3807 ab
1039 3747 1216 3831 interregno

169 3833 258 3897 initio
281 3854 334 3917 per
355 3830 495 3914 quintum
528 3833 652 3895 demum
685 3833 869 3915 interregem
890 3830 938 3895 M.
961 3828 1115 3894 Valerium
1137 3832 1371 3907 Cor-‘mem

169 3939 240 3982 vum
260 3918 355 3981 creati
384 3919 521 3982 consules
545 3919 584 3982 A.
604 3918 762 3981 Cornelius
786 3919 897 3982 iterum
918 3928 952 3981 et
976 3917 1034 3981 Cn.
1047 3916 1215 3983 Domitius.
1226 3922 1260 3971 Α·
1269 3922 1299 3971 C·
1308 3922 1369 3998 ³³⁰5

167 4003 351 4097 lianquillis
366 4007 465 4086 rebus,
488 4004 571 4068 lama
585 4003 697 4069 Gallici
712 4006 782 4068 belli
804 4008 818 4046 ⁹
826 4026 884 4091 pro
904 4004 1038 4071 tumultu
1051 4004 1158 4088 valuit,
1179 4017 1215 4069 ut
1227 3987 1261 4101 fij
1271 3984 1390 4101 m

1228 4114 1377 4171 uticem

200 4195 213 4229 ⁸
230 4192 246 4225 ⁸
266 4193 331 4243 Velut
350 4194 447 4243 uanius
464 4208 488 4242 rr
508 4196 561 4243 nitio
575 4196 679 4245 sonant·
709 4194 816 4245 alrdicrrs
831 4193 909 4260 iouh.
924 4206 965 4245 ant
985 4206 1038 4261 post
1054 4194 1157 4261 elspm
1174 4210 1217 4245 aa.

167 4258 280 4321 sapida]
298 4258 370 4309 Velut
387 4274 416 4308 eo
432 4260 489 4308 risio
504 4275 550 4309 non
562 4258 678 4309 dictatoris
709 4276 766 4310 num
783 4276 851 4310 roura
869 4262 1002 4324 mitrata
1014 4261 1161 4322 abeurdbrrs,
1179 4277 1219 4313 rsa

167 4324 245 4401 modo,
263 4325 303 4372 scd
324 4336 349 4371 et
370 4325 488 4373 conminus
511 4340 602 4403 quoqpe
623 4340 676 4374 anr-
709 4329 737 4375 ad
753 4327 911 4387 neaeman
926 4326 1003 4375 Μὴ.
1035 4325 1091 4375 vis.
1107 4338 1158 4377 nat.
1176 4330 1219 4381 28.

166 4400 345 4503 ffi‘ffiffi
360 4391 676 4519 fffdilunms'dhbsllss
707 4392 838 4503 mcviii·
847 4454 959 4519 aare]
976 4435 1003 4506 'ss
1021 4437 1082 4506 aaa
1096 4455 1245 4533 namq,

168 4516 291 4567 odacrum
313 4520 408 4569 rauna
435 4521 612 4585 consulibusque
633 4530 675 4571 rut
707 4520 832 4572 oumTarr.
849 4522 924 4573 fabro
936 4522 1027 4588 delere,
1041 4536 1141 4587 αμα,
1155 4534 1221 4585 qun
