3175 5200
388 410 457 469 594·
745 397 989 464 -utumvt
1041 431 1045 437 ·
1105 427 1112 436 ·

220 564 364 620 tim-⁴⁴³⁹.
384 561 557 645 'eruptione
579 575 648 642 spes
670 567 759 634 esset,
774 553 906 632 ‘Locis'
929 542 1036 636 inquit,
1050 551 1353 635 ‘angustis,milites,
1369 549 1434 612 de·

224 631 364 690 ⁵0⁰·³¹³·
389 648 568 730 ‘prehensi
594 645 652 706 nisi
677 661 768 723 quam
789 643 916 708 victoria
931 641 1174 723 patefecerimus,
1196 640 1276 700 viam
1304 637 1431 698 nullam

388 733 568 794 ‘·habemus.
595 729 714 791 Stativa
738 739 843 789 nostra
856 728 1046 788 munimento
1059 726 1134 786 satis
1159 735 1226 786 tuta
1250 734 1343 800 sunt3
1368 722 1432 783 sed

386 819 398 853 ‘
410 819 516 900 inopia
535 816 644 878 eadem
658 815 779 876 infesta.
791 834 864 874 nam
878 824 911 875 et
924 813 1007 874 circa
1017 811 1122 872 omnia
1136 809 1325 886 defecerunt,
1340 808 1429 869 unde

385 903 537 965 ‘subvehi
559 911 747 962 commeatus
762 910 927 982 poterant3
946 909 989 976 et,
1005 899 1031 958 si
1046 897 1186 959 homines
1197 894 1302 976 juvare
1316 895 1429 970 veiint,

385 989 516 1070 ‘iniqua
536 987 604 1048 loca
621 997 702 1048 sunt.
733 983 842 1065 ltaque
853 1005 917 1046 non
931 984 1098 1045 frustrabor
1111 1003 1171 1064 ego
1181 1003 1246 1058 sos,
1258 993 1360 1043 castra
1373 980 1428 1040 hic

384 1073 619 1154 ‘relinquenda
635 1073 666 1132 in
681 1091 757 1151 qua,
772 1070 886 1131 inlecta
907 1069 1044 1146 victoria,
1059 1070 1139 1128 sicut
1152 1068 1281 1148 pristino
1291 1067 1353 1143 die,
1368 1083 1427 1126 vos

384 1159 396 1193 ‘
409 1159 571 1241 recipiatis.
593 1157 684 1219 armis
694 1155 893 1232 munimenta,
904 1175 967 1215 nors
978 1155 1173 1214 munimentis
1185 1163 1347 1214 amnatuta
1355 1171 1426 1213 esse

383 1245 531 1306 ‘debent
556 1243 664 1308 Castra
673 1243 807 1303 habeant
820 1239 1031 1322 repetantque,
1040 1239 1182 1320 ”quibus
1190 1259 1291 1321 operae
1301 1249 1349 1299 est
1357 1250 1425 1299 tra-

384 1329 481 1391 ‘ltere
502 1329 637 1392 bellum:
657 1347 714 1388 nos
738 1327 876 1388 omnium
890 1346 990 1387 rerum
1017 1335 1197 1406 respectum,
1221 1335 1425 1406 praeterquam

384 1415 550 1492 ‘victoriam
566 1415 655 1476 nobis
675 1413 898 1474 abscindamus.
921 1411 1010 1473 Ferte
1034 1413 1123 1491 signa
1144 1411 1176 1470 in
1205 1410 1347 1471 hostemr
1369 1410 1424 1472 ubi

384 1502 499 1562 ‘extra
509 1501 620 1561 vallum
636 1519 746 1580 agmen
757 1499 930 1573 excesserit,
941 1497 1166 1578 castra,quibus
1175 1496 1425 1576 imperatumest,

382 1587 395 1622 ‘
409 1586 591 1648 incendant:
607 1585 836 1661 damnavcstra,
847 1583 969 1660 milites,
984 1584 1120 1643 omnium
1135 1582 1226 1658 circa,
1236 1583 1286 1662 qui
1297 1581 1424 1643 deiece-

382 1671 395 1706 ‘
409 1682 490 1748 runt,
502 1671 684 1754 populorum
697 1670 801 1750 pmda
809 1666 996 1731 sarcientur!
1007 1667 1081 1729 ⁸⁰Et
1091 1668 1242 1728 'oratione
1252 1667 1426 1742 dictatoris,

383 1775 449 1837 quse
463 1755 655 1818 necessitatis
670 1755 783 1817 ultimas
798 1754 892 1816 index
907 1765 983 1831 erat,
998 1754 1112 1815 milites
1127 1753 1247 1815 accensi
1260 1753 1375 1815 vadunt
1392 1754 1426 1813 ia

384 1841 516 1919 hostem,
531 1853 564 1902 et
577 1852 734 1924 respectus
761 1841 826 1923 ipse
841 1840 1013 1901 ardentium
1037 1849 1217 1918 castrorum,
1238 1858 1426 1920 quamquam

385 1927 533 2009 proximis
554 1937 675 1991 tantum
705 1925 761 2003 (ita
784 1927 867 1986 enim
879 1924 1011 2007 jusserat
1032 1925 1176 2003 dictator)
1195 1926 1332 2007 igniscat
1346 1926 1426 1985 sub-

388 2011 480 2087 ditus,
490 2011 572 2072 haud
587 2031 711 2094 parvum
730 2011 787 2073 fuit
798 2011 1032 2073 irritamentum.
1054 2009 1171 2094 ltaque,
1185 2010 1426 2074 velutvecordes

385 2096 487 2171 inlati,
498 2097 586 2180 signa
599 2097 698 2178 primo
712 2097 820 2180 inpetu
844 2097 978 2159 hostium
991 2097 1136 2173 turbant3
1162 2110 1195 2158 et
1217 2099 1249 2158 in
1274 2109 1427 2178 tempore,

389 2193 552 2266 postquam
566 2183 704 2244 ardentia
718 2183 823 2264 procul
837 2183 914 2244 vidit
936 2194 1038 2245 castra
1053 2183 1196 2265 magister
1210 2183 1356 2265 equinam,
1377 2181 1428 2260 (id

221 2281 362 2334 wermuda
389 2277 575 2330 convenerat
589 2269 721 2349 signum)
740 2269 874 2330 hostium
901 2279 989 2349 terga
1011 2269 1136 2330 invadit.
1162 2269 1207 2329 ita
1227 2268 1429 2330 circumventi

222 2348 369 2400 millu·-
389 2351 554 2431 Samnites,
569 2371 630 2433 qua
642 2364 745 2436 potest
755 2354 892 2434 quisque,
907 2353 1010 2435 llrgam
1024 2373 1079 2435 per
1089 2355 1207 2416 diversa
1217 2366 1336 2438 petunt
1372 2352 1429 2414 la·
1439 2357 1454 2370 '

387 2459 463 2523 gens
479 2439 652 2517 multitudo,
681 2439 713 2500 in
739 2459 833 2500 unum
858 2451 942 2501 metu
957 2441 1149 2520 conglobata,
1165 2461 1201 2502 ac
1214 2441 1429 2522 semetipsam

388 2527 479 2588 turba
489 2524 657 2607 inpediens,
668 2525 698 2585 in
714 2525 816 2586 medio
827 2545 912 2586 casa
949 2523 1049 2607 Capta
1059 2526 1193 2586 hostium
1208 2537 1308 2588 castra
1322 2527 1432 2607 direp÷

387 2623 500 2689 tsqus3
524 2630 653 2690 quorum
678 2610 781 2691 prada
806 2621 947 2671 onustum
973 2612 1101 2672 militem
1122 2613 1154 2672 in
1170 2612 1311 2673 Romana
1325 2624 1434 2673 castra

388 2694 521 2755 dictator
551 2694 678 2771 reducit,
700 2694 935 2775 haudquaquam
955 2706 1019 2755 tam
1038 2696 1165 2756 victoria
1194 2697 1309 2774 lactum
1331 2717 1432 2777 quam

387 2778 479 2859 quod,
505 2790 623 2860 praeter
637 2778 778 2857 exiguam
794 2779 996 2839 deformatam
1015 2779 1158 2839 incendio
1172 2791 1302 2862 partem,
1317 2793 1437 2844 cetera

218 2943 360 2995 iic-⁴⁴⁰·
387 2862 849 3013 uuquffipttpdstlsvgrqanchqtde
873 2948 1025 3010 reditum·
1049 2949 1177 3030 novique
1206 2949 1350 3011 consides
1375 2948 1424 3013 M

219 3004 360 3125 affigit·
389 3030 543 3111 Poetelius,
573 3032 610 3094 C.
629 3030 781 3115 Sulpicius
801 3035 970 3094 exercitum
995 2993 1034 3094 ai)
1055 3035 1204 3097 dictatore
1218 3016 1316 3097 Falrio
1342 3039 1433 3099 aeci·

221 3088 378 3201 C.Sutpieto⁰'
389 3118 489 3205 piant,
510 3138 622 3200 magna
646 3129 733 3201 parte
747 3130 883 3180 veterum
898 3118 1032 3180 militum
1052 3119 1185 3197 dimissa,
1201 3121 1346 3203 novisque
1370 3144 1430 3184 co·

388 3202 1429 3371 rutnans-‘rums

389 3371 528 3453 iniretur,
549 3386 581 3437 et
603 3385 657 3437 aut
678 3386 817 3456 tempore
838 3375 1015 3459 longinqua,
1032 3310 1095 3438 {ist
1126 3312 1429 3459 praeelpsoeperidutg

220 3480 277 3559 ⁸⁰¹3
288 3480 377 3533 aaa
387 3460 516 3522 victoria
538 3470 640 3536 esset;
664 3458 798 3523 Soranus
808 3462 977 3542 transfuga,
989 3462 1068 3523 clam
1082 3482 1121 3524 ex
1135 3463 1251 3545 oppido
1261 3462 1428 3545 profectus,

221 3558 317 3611 espect.
387 3564 479 3629 quum
492 3546 532 3606 sd
555 3546 661 3642 eigiles
682 3545 839 3608 Romanos
853 3559 1053 3647 penetrasset,
1080 3549 1150 3609 duci
1165 3569 1199 3611 se
1214 3549 1370 3649 extemplo
1384 3552 1428 3651 sd

386 3631 1429 3805 tdtsttiulfltltttfflffldt?dm:

387 3813 567 3899 cunctantes
583 3802 721 3882 doceret)
739 3800 822 3865 haud
837 3824 913 3865 vana
930 3804 1060 3883 adferre,
1081 3807 1225 3890 perpulit,
1249 3826 1346 3890 prope
1368 3809 1429 3870 ad-

382 3898 493 3969 Juueta
522 3888 671 3949 moenibus
701 3887 851 3956 Romana
868 3900 969 3951 eastra
1001 3901 1037 3951 ut
1058 3912 1112 3953 sex
1137 3893 1234 3953 millia
1255 3894 1294 3954 ab
1308 3894 1430 3976 oppido
1454 3928 1460 3933 ·

387 3984 632 4035 removerentur:
663 3972 740 4051 lore,
772 3984 808 4035 ut
828 3974 928 4036 minus
950 3976 1076 4038 intenta
1096 3978 1128 4038 ia
1150 3979 1319 4039 custodiam
1342 3981 1431 4043 urbis

388 4056 501 4119 diurna
530 4058 677 4120 stationes
710 4079 746 4121 ac
783 4071 940 4125 nomumae
960 4062 1070 4145 vigilite
1105 4076 1218 4127 esseut.
1254 4066 1320 4148 ipse
1342 4064 1430 4129 inse-

717 4236 740 4251 „,
835 4188 978 4243 macron.

385 4300 504 4408 ’.1Ἂοκί
519 4316 587 4364 spere
606 4304 649 4369 est]
678 4302 770 4386 Quibus
790 4308 892 4375 expedit,
923 4310 1009 4374 aliquot
1028 4276 1141 4366 firmarii
1160 4315 1257 4381 wdloes,
1276 4328 1301 4367 et
1322 4319 1435 4387 quinque
1462 4316 1466 4324 ’

424 4366 533 4423 ,ΨΜ
554 4380 625 4421 aaut.
663 4372 721 4423 Vrd.
736 4385 785 4423 act.
802 4376 843 4426 id.
862 4375 890 4424 ad
921 4376 1058 4454 ernamur
1074 4380 1158 4429 melita
1175 4395 1243 4447 quem
1260 4396 1287 4433 ut
1305 4386 1386 4451 vulgo,
1406 4405 1436 4439 ιι

385 4434 405 4471 t.
415 4426 455 4471 24.
879 4460 888 4471 .
919 4442 1024 4492 mum·

415 4483 439 4521 ⁹⁸
462 4484 494 4535 a
513 4495 622 4560 mn]
645 4498 684 4550 ss
705 4501 844 4568 empna.
862 4513 888 4555 e
