3175 5200
331 399 335 407 -
446 369 541 430 vrrs
560 369 614 434 ur
633 367 825 429 ursrorur
842 366 947 428 aon.
1162 336 1223 433 'n

172 531 186 568 ‘
209 524 391 613 clausum,
405 522 446 597 in
462 523 585 596 multo
593 522 763 596 breviore
774 522 955 618 temporis
967 521 1099 619 spatio,
1114 528 1217 599 terra

171 623 377 719 ‘marique
407 645 500 718 pnes
530 628 647 718 parta,
685 631 747 694 ter
780 620 911 694 elusit?
963 621 1065 704 Quid
1093 625 1215 696 vero?

170 745 300 796 nonne
310 720 532 794 Plutarchus
545 719 628 792 haee
638 719 892 816 scirepotuiti
910 727 1088 794 ettamen
1100 721 1215 812 idem,

170 820 273 998 {uod
289 818 427 908 Livius,
452 819 501 892 de
518 818 663 914 templo
689 818 777 891 Jani
801 817 967 913 scripsit:
1007 817 1065 894 ἐπί
1087 850 1128 914 γι
1157 813 1238 894 κου’

208 921 356 1005 εβαστοῦ
383 915 562 1018 Καίσαρος
585 913 767 1006 ἐκλείσθη,
791 913 1003 1002 καθελόντος
1025 915 1214 1005 Ἀντώνιον,

171 1017 232 1090 καί
254 1015 421 1118 πρότερον,
443 1015 676 1090 ὑπατευόντων
694 1014 840 1116 Μάρκου
864 1013 1016 1086 Ἀτιλίου
1035 1017 1095 1087 καὶ
1113 1014 1218 1090 Τίτου

171 1114 349 1190 Μαλλίου.
401 1115 547 1190 Audio:
576 1115 643 1188 sed
659 1113 752 1186 nihil
768 1113 870 1185 aliud
890 1112 977 1185 inde
1004 1113 1138 1187 confici
1153 1139 1222 1211 po-

170 1216 269 1302 terit,
295 1239 412 1311 quam
441 1216 552 1287 illum
568 1237 675 1286 more
692 1235 763 1286 suo
777 1211 928 1284 Liviana
942 1235 1053 1306 paene
1077 1213 1125 1285 ad
1139 1237 1222 1286 ver·

170 1313 265 1388 bum
284 1314 529 1410 expressisse,
556 1313 660 1386 nulia
675 1310 895 1385 mutationis
911 1331 1040 1382 rerum
1068 1309 1195 1384 habita
1207 1343 1231 1397 ;·

172 1435 300 1508 neque
317 1414 423 1486 loeus
443 1413 523 1510 ejus
547 1410 699 1484 Liviano
719 1410 828 1506 piane
855 1408 1078 1503 respondet:
1114 1432 1219 1501 nam,

173 1509 277 1606 quod
306 1511 454 1608 Lipsius
482 1512 563 1606 jam
592 1507 714 1581 Eleet.
746 1532 772 1580 r.
804 1509 1046 1595 renotavit,
1080 1504 1218 1581 Graeeo

174 1608 346 1704 scriptori
375 1608 592 1695 nunidem,
635 1606 734 1701 quod
765 1607 951 1694 Romano,
983 1605 1220 1702 propositum

170 1706 253 1792 fuit,
280 1715 324 1779 ut
338 1715 587 1796 enumeraret,
605 1705 755 1801 quoties
772 1705 798 1778 J
799 1727 892 1777 anus
910 1702 1044 1777 fuisset
1057 1704 1219 1777 clausus.

172 1804 321 1878 Omitto
342 1805 426 1894 alia,
457 1805 557 1879 haud
584 1803 764 1900 graviora,
791 1811 1014 1899 argumenta
1038 1801 1220 1895 Massoni,

171 1903 308 1998 quibus
334 1904 420 1977 loeo
444 1904 484 1976 in
510 1910 603 1976 nota
625 1905 661 1974 5.
689 1903 842 1976 laudato
868 1902 1028 1997 probare
1050 1911 1239 1992 conatur,

170 2002 320 2076 Livium
347 2001 465 2076 serius
493 2000 659 2073 historiae
690 1999 897 2072 seribendae
925 1999 1125 2074 consilium
1155 2025 1218 2074 ce·

169 2123 282 2198 pisse.

594 2328 727 2378 sacrm
754 2329 812 2379 111.

183 2491 236 2554 De
248 2493 391 2552 exteriore
395 2491 502 2567 formo
515 2497 545 2548 et
557 2489 655 2550 indole
669 2489 798 2550 historia
812 2491 951 2552 Romana
962 2511 982 2550 a
992 2491 1077 2552 Livio
1086 2493 1212 2572 scripta.

223 2650 385 2725 Minime
401 2649 662 2725 incommodus
672 2648 732 2724 hic
745 2651 851 2724 lo‘eus
863 2649 983 2725 videri
992 2650 1122 2751 possit,
1136 2677 1222 2751 per-

172 2751 299 2825 multa
313 2749 495 2849 praefandi
510 2760 594 2823 tum
610 2748 782 2823 universe
801 2750 848 2823 de
863 2749 965 2823 varia
990 2760 1029 2824 et
1049 2749 1220 2825 historia-
1327 2772 1333 2796 ·

173 2874 263 2923 rum
281 2846 319 2924 e't
334 2848 598 2925 historicorum
613 2848 750 2923 veteris
767 2848 1059 2945 recentiorisque
1077 2849 1147 2923 aevi
1162 2848 1221 2923 iu-

173 2948 274 3039 dole,
286 2959 327 3024 et
340 2950 386 3023 de
400 2948 561 3024 utilitate
577 2972 620 3023 ae
636 2946 711 3023 fide
728 2972 861 3023 eorum
873 2956 974 3021 reete
989 2947 1220 3044 aestimanda,

171 3054 257 3123 tum
273 3048 313 3123 in
331 3047 459 3145 primis
475 3048 522 3122 de
539 3046 810 3145 antiquioribus
823 3070 951 3122 rerum
961 3050 1221 3125 Romanarum

173 3146 388 3222 auctoribus
406 3156 445 3223 et
462 3148 508 3221 de
524 3146 687 3221 Livianae
716 3146 881 3220 historiae
910 3145 1044 3240 forma,
1079 3146 1219 3235 fructu,

173 3242 354 3337 fontibuS,
388 3246 588 3319 virtutibus
616 3270 660 3317 ac
686 3244 795 3319 vitiis.
861 3244 937 3317 Sed
965 3244 1080 3341 ampli
1107 3244 1222 3339 hujus

175 3340 312 3439 campi,
331 3344 372 3415 in
390 3366 466 3437 quo
481 3342 592 3413 latius
608 3343 755 3435 evagari
769 3350 900 3439 posset
917 3339 1117 3439 disputatio
1133 3366 1222 3415 uos·

60 3450 68 3463 ·
174 3446 245 3529 tra,
264 3439 360 3513 fines
388 3447 479 3512 sunt
506 3436 730 3527 coarctandi,
757 3448 795 3513 et
816 3439 908 3511 illud
963 3464 1044 3513 aene
1071 3439 1221 3515 silentio

173 3534 494 3639 praetereundum,
511 3536 583 3609 hoc
600 3535 727 3630 paucis
745 3465 1016 3634 expedientium
1035 3548 1103 3613 est.

224 3634 355 3711 Livius
372 3634 567 3709 historiam
583 3636 798 3709 Romanam
812 3637 859 3710 ab
885 3638 986 3712 urbis
1005 3637 1149 3736 origine
1172 3638 1223 3712 ad

177 3758 247 3809 sua
264 3733 421 3809 deduxit
437 3743 618 3831 tempora.
670 3735 793 3816 Quam
812 3742 897 3808 ante
915 3761 1002 3811 eum
1011 3737 1091 3835 jam
1108 3737 1223 3811 multi

175 3841 447 3934 perterruerant
468 3842 552 3907 tum
574 3833 755 3925 versibus,
781 3844 826 3910 ut
858 3834 904 3911 Q.
923 3836 1078 3926 Ennius,
1101 3837 1220 3932 spicae

176 3956 336 4031 poeseos
369 3932 627 4007 Romanorum
661 3958 808 4033 parens,
848 3936 955 4034 cujus
987 3934 1073 4008 libri
1106 3958 1220 4008 xvm.

176 4032 386 4107 Annalium
401 4032 512 4105 Rom.
538 4033 586 4107 ad
601 4034 783 4131 populum
800 4034 838 4109 in
855 4034 1003 4108 theatro
1021 4043 1059 4109 et
1074 4030 1223 4131 Virgilii

175 4130 300 4205 adhuc
318 4132 548 4229 temporibus
567 4132 734 4231 cupidius
751 4134 911 4207 AEneide
936 4134 1017 4231 ejus
1042 4134 1223 4232 legeban-

174 4228 264 4321 tur,⁷
280 4228 326 4306 L.
342 4231 479 4306 Accius
496 4256 527 4306 s.
544 4231 685 4324 Attius,
703 4230 893 4307 familiaris
906 4234 957 4307 D.
969 4234 1077 4311 Bruti
1093 4229 1222 4337 et'Ps3

396 4395 409 4437 ο
424 4411 446 4448 v.
457 4395 519 4449 sen.
532 4398 601 4459 ms.
617 4356 718 4451 umet.
728 4400 753 4459 ο.
764 4400 804 4451 ιο.
819 4398 913 4451 urm.
923 4400 982 4460 aa
