3175 5200
551 346 628 411 um
649 344 688 414 u.
709 344 790 413 mr.
808 348 903 415 uxr.
942 430 945 433 ⁴
1178 360 1235 423 ιιι

193 518 251 587 rst,
274 509 302 549 ³⁰
311 506 528 591 multiplicique
544 518 636 591 cepte
650 507 751 590 prede
771 508 893 573 rediret.
935 506 1024 575 Etin
1036 508 1158 577 Volscis
1171 526 1281 580 res-u.
1292 527 1323 577 c.
1334 526 1392 579 ass.
1485 554 1489 559 ι

193 594 316 679 publicu
342 595 462 677 egregie
490 606 587 677 gesta,
616 605 734 677 quum¹
759 595 855 674 ducis,
878 608 945 659 tum
974 599 1104 665 militum
1131 622 1235 687 opere„
1248 590 1390 661 isc-⁴⁶⁶2

196 680 327 745 Primum
355 700 441 763 raquo
464 680 693 765 csmpo‘signis
719 682 850 747 conlutis
874 697 1052 767 pugnemus,
1079 692 1104 729 ⁸¹
1118 689 1235 773 ingenti
1248 658 1365 709 volscum.

195 769 277 831 crede
300 768 460 850 utrimque,
486 769 616 853 plurimo
639 769 794 851 sunguine.
818 782 851 831 et
865 768 1010 851 Romani,
1034 775 1106 855 quis
1129 780 1236 859 panni.

194 868 242 919 tss
270 856 381 917 dunno
406 854 564 921 sentiendo
587 856 710 938 propior
735 868 812 933 erat,
833 856 962 939 gradum
977 860 1149 924 renuissent
1155 882 1166 941 ;
1203 864 1236 927 ni

194 943 306 1005 surbri
321 942 480 1004 mendacio
501 941 617 1020 consul,
643 940 745 1024 fugere
761 942 864 1005 hostes
884 944 923 1005 ab
948 964 1042 1007 cornu
1061 946 1159 1012 altero
1173 952 1236 1013 cis·
1341 992 1348 1003 ,

194 1030 315 1109 mitens,
338 1029 523 1091 concitasset
537 1029 644 1091 aciem.
667 1029 771 1110 inpetu
786 1028 881 1107 fecto,
906 1030 980 1092 dum
1002 1052 1035 1094 se
1049 1037 1236 1115 putentrin.

194 1134 273 1194 cere,
287 1115 395 1179 vicere.
440 1112 564 1194 Consul,
590 1126 726 1177 metuens
748 1136 787 1177 ne
809 1117 899 1178 nimis
921 1118 1065 1180 instando
1080 1135 1238 1187 renovaret

194 1214 357 1279 certamen,
381 1202 501 1284 signum
525 1202 658 1285 receptui
682 1201 777 1265 dedit.
822 1201 1021 1266 Intercessere
1046 1208 1136 1288 psuci
1163 1210 1237 1288 dies,

193 1289 275 1351 velut
298 1290 402 1352 tacitis
427 1289 555 1351 induciis
581 1288 733 1370 utrimque
748 1290 850 1361 quiete
869 1302 988 1353 sumtu
1015 1306 1070 1375 per
1091 1314 1168 1375 quos
1189 1298 1237 1359 in·

193 1396 268 1459 gens
282 1376 326 1437 vis
348 1374 505 1439 homiuum
528 1394 566 1439 ex
587 1376 724 1438 omuibus
740 1374 860 1438 Volscis
874 1374 1042 1460 AEquisque
1063 1382 1183 1465 populis
1204 1384 1237 1445 iu

194 1462 411 1541 contravenit,
440 1463 522 1525 haud
548 1462 701 1540 dubium,
726 1462 751 1523 si
776 1463 934 1541 senserint,
963 1461 1119 1529 Romanis
1145 1482 1238 1533 nocte

195 1551 337 1613 abituros.
382 1546 489 1631 Itaque
504 1550 631 1611 Ι’ῑειιίι
654 1548 716 1611 fere
730 1548 833 1632 vigilis
852 1550 892 1613 ed
914 1564 1016 1615 cestre
1029 1553 1238 1635 obpugnanda

192 1638 328 1699 veniunt.
373 1636 541 1715 Quinctius,
573 1636 680 1699 sedsto
710 1638 851 1717 tumultu,
883 1656 973 1719 quem
1002 1650 1100 1703 terror
1121 1642 1237 1705 subitus

194 1724 356 1802 exciverat,
371 1742 464 1805 quum
485 1742 607 1785 munere
630 1724 661 1784 in
677 1722 816 1785 tentoriis
835 1724 970 1806 quietum
984 1726 1113 1789 militem
1127 1726 1236 1809 jussis·

193 1820 250 1888 set,
275 1802 476 1872 Hernicorum
500 1810 658 1887 cohortem
684 1811 715 1872 in
741 1811 912 1873 stationem·
922 1811 1043 1890 educitt
1068 1815 1237 1877 cornicines

193 1896 414 1979 tubicinesque,
438 1898 464 1938 θ’
477 1896 508 1958 in
523 1908 639 1979 equos¹
655 1896 812 1979 inpositos,
836 1918 946 1959 csnere
971 1909 1043 1962 sote
1055 1901 1167 1963 vellum
1185 1901 1236 1984 ju·

193 1984 255 2063 bet,
276 1984 498 2066 sollicitumque
520 1983 639 2045 hostem
654 1982 694 2044 ad
717 1984 814 2047 iucem
836 1994 949 2048 tenere.
971 1986 1118 2068 reliquum
1140 1988 1238 2050 noctis

193 2070 271 2135 odeo
297 2068 460 2155 tranuiils
485 2064 589 2141 omnis
613 2072 644 2131 in
671 2070 778 2144 cestris
804 2071 898 2149 fuere,
927 2082 963 2135 ut
986 2074 1085 2135 somni
1118 2094 1238 2157 quoque

194 2156 339 2221 Romanis
355 2158 445 2239 copis
465 2168 555 2221 esset.
599 2154 728 2219 Volscos
750 2157 868 2240 speeies
882 2170 1068 2222 ennetorum
1089 2160 1238 2244 peditum,
1291 2180 1295 2186 ·

194 2264 269 2325 quos
295 2254 327 2305 et
349 2244 448 2325 piures
471 2264 546 2321 esse,
570 2253 602 2305 et
626 2242 781 2307 Romanos
803 2245 964 2329 putebant,
984 2245 1119 2309 fremitus
1135 2248 1238 2309 hinni-

193 2341 300 2411 tusque
325 2346 481 2412 equorum,
507 2330 569 2412 qui,
594 2340 626 2393 et
653 2330 770 2394 insueto
792 2332 917 2394 sedente
932 2332 1046 2413 equite,
1065 2344 1098 2396 et
1117 2334 1239 2418 insuper

193 2438 280 2565 :ures
295 2417 432 2500 agitante
454 2418 566 2497 souitu,
589 2416 761 2497 serviebant,
785 2418 919 2482 intentos
933 2419 1018 2485 velut
1039 2421 1079 2483 sd
1100 2419 1239 2504 inpetum

142 2518 144 2522 ·
216 2502 326 2567 ostium
341 2504 450 2567 tenuit.

237 2586 333 2656 LXV.
355 2588 417 2654 Ubi
441 2588 560 2670 inluxit,
585 2588 752 2673 Romanus,
774 2590 893 2674 integer
916 2591 1105 2675 satiatusque
1129 2556 1239 2657 somno

193 2673 358 2762 productus
381 2675 411 2740 in
434 2679 541 2757 eciem,
564 2675 677 2740 sessum
695 2678 804 2742 stando
827 2690 859 2741 et
880 2678 990 2762 vigiliis
1004 2676 1152 2742 Volscum
1175 2681 1238 2763 pri-

193 2787 244 2828 mo
269 2765 375 2848 inpetu
399 2765 537 2848 perculit.
561 2785 745 2849 quamquem
769 2785 885 2827 cessere
908 2766 1017 2847 magis,
1043 2787 1136 2848 quam
1157 2767 1237 2851 pulsi

149 2860 153 2866 '
192 2853 293 2914 hostes
308 2863 396 2915 sunt:
423 2852 494 2933 quis
510 2852 548 2914 sb
570 2863 657 2935 tergo
678 2864 767 2915 erunt
781 2851 860 2932 clivi,
883 2851 915 2912 in
930 2872 1006 2933 quos
1021 2855 1128 2935 “post
1152 2855 1238 2937 prin-

192 2939 272 3022 cipia
294 2938 418 3020 integris
440 2939 594 3000 ordinibus
615 2950 699 3002 tutus
714 2948 852 3021 receptus
868 2936 936 3000 fuit.
963 2937 1105 3018 ‘Consui,
1127 2941 1180 3002 ubi
1195 2941 1234 3002 ad
1331 2990 1333 2993 .

193 3025 329 3105 iniquum
343 3024 444 3086 iocum
467 3035 591 3086 ventum
605 3035 662 3103 est,
686 3025 772 3088 sistit*
792 3025 900 3086 eciem.
925 3023 1012 3086 miles
1035 3047 1113 3108 segre
1128 3027 1236 3105 teneri,

194 3110 324 3171 clamare
349 3120 381 3171 et
410 3129 544 3191 poscere,
570 3120 604 3171 ut
629 3111 772 3193 perculsis
798 3111 911 3172 instare
937 3110 1039 3173 liceat.
1094 3110 1238 3173 Ferocius

195 3207 291 3277 agunt
305 3195 440 3276 equites:
469 3195 641 3257 circumfusi
656 3197 725 3258 duci
747 3195 976 3258 vociferantur!
1000 3215 1033 3258 se
1055 3209 1128 3258 ente
1152 3198 1240 3277 signa

294 3393 306 3419 ¹¹
316 3393 363 3434 trem
374 3383 448 3433 Gron.
460 3383 529 3432 Cret.
546 3382 601 3432 MS.
612 3382 696 3430 Veith.
807 3389 820 3416 ¹
830 3385 891 3445 quir
900 3382 975 3431 Gron.
995 3379 1051 3431 MS.
1058 3380 1144 3435 tetta.

371 3447 608 3514 sinemurensis
618 3449 686 3496 unu:
699 3445 900 3514 misnenses.
910 3447 984 3499 Gran.
999 3448 1069 3498 cren

226 3593 703 3662 ὀ“’Μιιὶιι“ιιὶι”ιι“....ριιιίιῇΜιιΙιίιριι·
764 3593 786 3629 ⁵⁶
803 3593 1029 3661 isembertum]
1047 3595 1241 3648 Sichrbnttrss

193 3667 255 3717 ritus
275 3669 363 3728 majore
391 3663 475 3728 pmcn,
501 3677 570 3726 quern
593 3671 701 3724 quinum
732 3660 840 3708 sumis
848 3661 1074 3724 probetidmicodd.
1097 3664 1171 3714 sicet
1185 3665 1242 3713 edc-

193 3733 256 3799 prius
266 3729 469 3796 cepemntSrbirri.
732 3724 800 3774 batur
820 3738 874 3775 rnre
894 3727 1021 3788 sigonium,
1049 3729 1089 3792 qui
1108 3728 1176 3793 junit
1195 3729 1241 3792 tegi

227 3799 248 3832 ⁵¹
266 3790 702 3862 ingentieede....piurirnorungrsins]
733 3793 757 3839 in
767 3793 839 3854 equis:
853 3791 893 3840 sed
908 3792 980 3840 inviro
995 3792 1068 3850 livio,
1081 3805 1108 3842 ut
1119 3794 1242 3842 medicus.

194 3863 340 3914 Alterutnrrn
356 3878 384 3911 ex
394 3861 511 3916 hirmcrt.
545 3855 634 3922 Ingenui
648 3857 703 3905 rede
733 3855 882 3920 Suprsr.18.
893 3857 1242 3908 restituimusitidernexMSS.

194 3931 270 3995 potius
286 3927 408 3976 delendum
434 3927 574 3980 videmnus
592 3922 703 3983 glossema
734 3921 819 3971 Dertrs
832 3923 857 3970 in
874 3931 940 3984 eaput
957 3920 1157 3986 Nm‘insposito,
1170 3938 1241 3986 quum

195 3996 296 4044 additum
312 3991 485 4056 interprerrudis
495 3989 530 4038 his
540 3988 642 4047 vocibus,
649 3987 703 4050 piu-
733 3987 818 4049 vulgati
832 3988 967 4051 preferrent
982 3989 1008 4034 in
1022 3991 1103 4050 capue.-
1118 3998 1144 4037 ct
1162 3990 1242 4037 mdcm

194 4057 705 4186 'wilffiw’quffiffliitidmibstur
725 4055 800 4187 W,
817 4067 840 4102 e.
858 4054 900 4104 33.
943 4051 1014 4100 Ponte
1032 4086 1087 4106 0...
1102 4054 1128 4102 in
1150 4051 1242 4102 iustius

344 4139 417 4174 ....v
793 4153 800 4168 .

196 4187 372 4255 tempusuoetis
389 4189 414 4236 in
431 4201 529 4250 qussuor
546 4136 703 4248 vigilidnqus-
766 4183 788 4218 Η
815 4182 869 4231 Post
898 4179 1019 4245 wueirb]
1058 4179 1115 4231 Post
1145 4182 1242 4247 primm

196 4269 247 4302 rum
268 4269 410 4317 unuquisque
428 4253 502 4302 trium
523 4253 631 4300 horrnrm
649 4261 705 4298 erat.
736 4249 817 4298 eciem.
849 4248 921 4296 am
936 4244 1076 4310 emptius
1087 4247 1242 4298 Volsciexer·

197 4317 281 4381 ltsqus
297 4320 367 4367 terris
375 4318 449 4380 vigilis
459 4335 472 4366 r
483 4317 556 4366 media
566 4327 635 4365 nocte
646 4316 703 4363 iaci·
735 4316 793 4363 cirus
805 4312 894 4361 turben
904 4323 947 4360 err.
978 4314 1003 4359 A
1012 4321 1077 4374 tergo
1086 4313 1165 4377 primes
1176 4315 1243 4373 reici,

197 4382 283 4446 pisitur,
303 4399 362 4432 none
382 4386 456 4434 necne
489 4384 546 4431 horr
575 4382 705 4430 finiebstur.
735 4379 826 4429 ordines
841 4378 924 4440 integri
940 4389 965 4427 et
981 4377 1036 4428 seiri
1051 4380 1244 4428 tuturoinciiros

197 4447 296 4510 Singulis
313 4461 390 4498 rursus
412 4448 499 4511 vigiliis,
526 4448 590 4511 signo
611 4447 705 4498 buccina
735 4456 854 4507 receptum
864 4442 975 4500 habuere.
1005 4443 1060 4495 vit.
1080 4443 1155 4499 Grec.
1173 4444 1243 4496 λιν.

198 4513 348 4580 inquiries
358 4515 512 4566 munientur.
736 4508 865 4560 osseme.
878 4511 915 4563 1⁰.
