3175 5200
8 4443 15 4530 l

561 409 697 476 tntu
726 409 894 476 cunm
1195 423 1234 484 09

200 587 262 634 nou
277 567 382 636 delore
399 571 498 638 solum
512 583 604 638 tunm
625 575 666 638 ad
679 574 797 638 irritum
817 573 953 639 cadentis
974 573 1049 660 spei,
1072 575 1126 640 sed
1140 574 1233 642 etiem
1246 597 1280 650 u.
1290 597 1319 647 c.
1331 593 1389 648 ess:

200 658 273 721 odio
300 659 413 742 iraque,
438 672 600 745 postquam
630 662 702 726 dolo
723 662 804 726 viam
833 663 990 747 obseptam
1010 664 1096 744 vidit,
1121 665 1235 728 bellum
1246 662 1383 716 ΛΟΜ·

118 761 130 775 ’
200 757 304 826 aperte
325 749 511 812 moliendum
534 760 627 829 ratus,
649 750 808 814 circumire
831 751 959 833 supplex
981 749 1106 815 Etnrriae
1127 753 1234 830 urbcs3

200 851 288 894 orare
310 835 443 898 maxime
464 833 609 899 Veientes
622 835 929 920 Tarquiniensesque,
953 837 1011 900 ‘ne
1032 841 1101 902 ”se
1123 851 1236 919 ortum,

200 918 212 951 ‘
226 917 361 1002 ejusdem
371 923 537 1011 sanguinis,
546 936 711 1002 extorrem,
721 935 874 1007 egentem,
885 945 925 986 ex
933 935 1021 986 tanto
1028 927 1121 988 modo
1131 947 1236 1008 regno,

199 1004 296 1070 ‘cum
309 1006 412 1071 liberis
429 1011 672 1074 adolescentibus
689 1023 760 1072 ante
775 1012 880 1074 oeulos
897 1031 967 1074 suos
978 1012 1076 1094 perire
1093 1013 1237 1075 sinerent.

199 1091 311 1156 ‘Alios
324 1114 451 1178 peregre
465 1098 497 1159 in
513 1118 640 1180 regnum
651 1097 784 1160 Romam
797 1098 935 1162 adcitosr
953 1117 985 1160 se
997 1119 1111 1180 regem,
1123 1119 1236 1180 sugen-

198 1179 209 1212 ‘
223 1191 286 1242 tem
298 1181 378 1245 bello
391 1183 564 1247 Romanum
575 1185 747 1271 imperium,
759 1185 932 1267 aproximis
942 1184 1090 1248 scelerata
1098 1183 1238 1266 conjura-

198 1265 209 1298 ‘
222 1266 308 1330 tione
318 1270 449 1351 pulsum.
460 1291 514 1333 eos
523 1271 603 1334 inter
613 1294 656 1352 se,
666 1272 838 1355 quieuemo
850 1292 927 1334 unua
937 1272 1012 1335 satis
1022 1271 1131 1354 dignius
1143 1291 1238 1354 regno

197 1352 304 1416 ‘viam
320 1355 371 1435 sit,
385 1369 488 1439 partes
505 1358 589 1441 regni
605 1359 740 1442 rapuisse
748 1382 758 1437 3
774 1360 857 1421 bona
872 1379 927 1420 sua
942 1357 1115 1440 diripienda
1124 1358 1238 1441 populo

196 1439 208 1473 ‘
222 1439 352 1521 dedisse,
361 1462 401 1504 ne
410 1445 478 1526 quis
487 1465 596 1527 expers
606 1445 727 1508 sceleris
735 1457 825 1509 esset.
861 1443 993 1506 Patriam
1005 1465 1037 1506 ee
1051 1465 1238 1526 regnumque

198 1525 311 1590 ‘suum
321 1541 503 1612 repetere,et
511 1533 649 1613 persequi
659 1533 794 1614 ingratos
800 1532 881 1592 cives
889 1531 976 1593 velle.
999 1529 1125 1592 Ferrent
1135 1551 1237 1612 opem,

196 1611 396 1696 ‘adjuvarent
406 1639 416 1694 3
436 1637 505 1678 suus
525 1625 645 1700 quoque
664 1616 916 1698 veterasinjurias
931 1617 1031 1680 ultum
1040 1617 1130 1695 irent,
1146 1615 1237 1678 toties

195 1701 207 1732 ‘
221 1721 313 1762 cusas
322 1702 466 1784 legiones,
478 1725 584 1785 agrum
596 1703 771 1766 ademtam?
784 1757 789 1776 ,
817 1703 891 1766 Haec
904 1715 1063 1768 moverunt
1071 1701 1215 1764 Veientes
1227 1723 1236 1763 a

194 1807 232 1848 ac
240 1808 297 1870 pro
307 1809 340 1850 se
351 1790 489 1871 quisque,
496 1789 636 1852 Romano
644 1791 751 1854 saltem
764 1792 853 1870 duce,
863 1791 1046 1873 ignominias
1058 1788 1235 1866 demendas,
1264 1789 1267 1796 '

194 1873 334 1955 belloque
348 1875 460 1938 amasa
470 1878 644 1960 repetenda,
659 1878 820 1940 minaciter
829 1878 969 1941 fremunt.
1001 1874 1236 1957 Tarquinienses

193 1979 305 2022 nomen
325 1982 362 2023 ac
376 1965 521 2045 cognatio
538 1977 651 2027 uiovet.
674 1964 836 2045 pulchrum
851 1964 1019 2042 videbatur,
1044 1983 1115 2023 suos
1130 1960 1236 2023 Rome

193 2067 329 2128 regnare.
373 2047 422 2111 lua
437 2051 497 2112 duo
518 2050 645 2111 duarum
668 2050 838 2110 civitatium
857 2050 1019 2126 exereitus,
1040 2048 1080 2108 ad
1094 2058 1258 2128 repeten-⁴
1309 2047 1313 2060 ¹

193 2133 265 2195 dum
275 2155 408 2216 regnum
422 2136 564 2216 belloque
576 2135 801 2217 persequendos
816 2133 983 2210 Romanos,
998 2133 1094 2195 secuti
1104 2130 1235 2212 Tarqui·

193 2220 288 2281 nium.
333 2220 497 2302 Postquam
520 2221 674 2302 inagnum
690 2220 863 2282 Romanum
886 2231 1010 2281 ventum
1033 2229 1091 2296 est,
1114 2219 1236 2281 obviam

193 2306 275 2367 hosti
305 2307 444 2368 consules
468 2318 552 2369 eunt.
604 2304 743 2379 Valerius
771 2306 920 2388 quadrato
945 2305 1066 2388 agmine
1099 2304 1236 2388 peditem

193 2391 298 2453 ducit:
332 2391 445 2455 Brutus
478 2394 517 2454 ad
543 2393 765 2476 explorandum
795 2413 866 2454 curn
893 2393 1030 2474 equitatu
1062 2391 1236 2454 antecessit.

191 2476 310 2540 Fodem
334 2482 428 2542 modo
451 2481 565 2562 primus
591 2480 873 2561 ”equasbostium
897 2480 1026 2560 agminis
1050 2478 1118 2555 fuit,
1146 2477 1234 2558 (prte-

192 2576 258 2627 erat
270 2565 371 2629 Aruns
384 2564 578 2649 Tarquinius,
597 2565 676 2629 lilius
695 2566 787 2649 regis)
810 2587 864 2629 rex
884 2566 948 2650 ipse
972 2585 1043 2628 eum
1063 2563 1231 2647 legionibus

191 2655 381 2733 sequebatur.
424 2654 534 2733 Aruns,
555 2654 607 2716 ubi
627 2676 667 2715 ex
681 2654 836 2716 lictoribus
855 2654 960 2736 procul
982 2652 1138 2715 consulem
1153 2670 1230 2729 esse,

191 2739 302 2801 deinde
320 2738 387 2822 jam
407 2742 530 2825 propius
553 2763 590 2803 ac
604 2742 715 2804 certius
736 2741 813 2803 facie
828 2760 949 2823 quoque
968 2738 1097 2817 Brutum
1112 2730 1245 2819 cogno-'

190 2826 455 2903 vitinllammatus
469 2828 525 2907 ira,
539 2827 614 2891 ‘llle
623 2842 671 2891 est
677 2827 744 2907 vir,’
756 2828 865 2909 inquit,
882 2828 954 2911 ‘qui
963 2846 1019 2889 nos
1027 2838 1163 2889 extorres
1174 2845 1228 2887 ex-

190 2912 1228 3085 2nltlntdpn‘cll:substitutiones

191 3086 248 3147 bus
261 3108 383 3168 equum,
403 3100 495 3169 atque
510 3089 542 3151 in
557 3089 656 3171 ipsum
676 3088 804 3151 infestus
819 3088 975 3151 consulem
992 3088 1105 3169 dirigit.
1150 3084 1228 3147 Sen-

190 3173 230 3233 sit
247 3173 280 3233 in
294 3194 327 3234 se
342 3176 378 3235 iri
394 3173 516 3237 Brutus.
559 3173 714 3237 Deeomm
727 3186 794 3237 erat
806 3186 871 3237 tum
886 3175 959 3256 ipsis
974 3193 1132 3255 capessere
1151 3190 1228 3251 pugu

190 3258 439 3406 lllldulllt.
461 3260 687 3423 &litltllt
703 3272 925 3424 ⁸3.5l}}²lll
947 3259 1067 3406 llil
1089 3257 1228 3404 tillut?

190 3442 247 3507 ret,
268 3431 313 3493 sui
338 3432 518 3514 protegendi
537 3431 673 3513 eorporis
692 3452 820 3510 memor,
847 3442 891 3511 ut,
915 3431 1067 3493 contrario
1088 3430 1155 3531 ictu
1175 3449 1229 3529 per
1243 3443 1311 3493 Bruti
1322 3459 1390 3497 non.

189 3517 1112 3689 ttltl.llllllnlllt‘t}..lllltlt‘ff&nlllt
1126 3536 1230 3689 llll.

190 3692 304 3773 coepit3
329 3713 429 3774 neque
451 3692 496 3755 ita
517 3692 614 3755 multo
635 3704 707 3775 post
730 3704 762 3755 et
776 3692 895 3775 pedites
915 3692 1138 3776 superveniunt.
1183 3688 1228 3754 lbi
1243 3700 1373 3780 {uenum

189 3779 273 3839 varia
297 3778 433 3857 victoria,
457 3792 490 3841 et
499 3780 584 3843 velut
606 3800 693 3862 aequo
718 3777 821 3841 Marte
847 3791 1015 3863 pugnatum
1042 3790 1098 3841 est.
1121 3768 1287 3839 dextrale·
1353 3808 1357 3813 v

80 3870 83 3878 '
191 3866 341 3946 utrimque
376 3888 490 3929 cornua
519 3867 628 3945 vicere,
660 3868 733 3929 laeva
765 3879 917 3950 superata.
961 3864 1116 3943 Veientes,
1149 3863 1229 3925 vinci

191 3953 229 4013 ab
252 3952 392 4039 Romano
413 3954 509 4015 milite
532 3953 661 4032 adsueti,
682 3953 740 4016 fusi
762 3954 948 4035 bugatiquet
991 3950 1229 4033 Tarquiniensis,

189 4058 284 4101 nonu
299 4040 405 4119 h'ostis,
431 4061 494 4103 non
508 4041 595 4103 stetit
608 4041 717 4119 solum,
742 4042 797 4105 sed
819 4041 912 4103 etiam
933 4041 973 4103 ab
995 4048 1149 4121 suspecte
1165 4034 1229 4099 Ro-

190 4146 313 4189 manum
367 4127 454 4211 pulit.

232 4210 302 4277 Vll.
341 4227 373 4277 ta
387 4236 480 4297 quum
497 4228 665 4299 pugnatum
680 4227 770 4294 esset,
793 4227 897 4279 tantus
920 4226 1014 4277 terror
1028 4208 1228 4294 Tarquinium

193 4310 282 4383 atque
304 4300 447 4365 Etruscos
468 4304 602 4385 incessit,
628 4316 672 4383 ut,
696 4304 808 4365 omissa
836 4303 922 4365 irrita
947 4322 990 4381 re,
1017 4310 1108 4362 nocte
1139 4299 1229 4361 ambo

563 4414 634 4463 redd.
645 4421 696 4462 mut
708 4412 781 4462 Gran.
791 4410 861 4461 Crev.

224 4506 395 4575 ”Sionem
417 4510 454 4563 lix
481 4526 516 4574 sc,
544 4510 694 4563 altmac'u
757 4506 880 4573 ulique]
918 4507 1039 4571 aqueum
1072 4508 1096 4555 in
1127 4504 1229 4555 hostium

192 4582 276 4625 mum·
725 4576 815 4639 reniae
823 4575 924 4642 penum
934 4574 1010 4631 mum
1020 4574 1103 4629 tenuit.
