3175 5200
207 530 240 579 15.
252 529 282 579 C.
293 529 350 581 275.

205 598 238 645 Δ.
249 595 277 645 G.
286 595 343 647 477.

212 1023 275 1071 Fabii
287 1018 356 1071 susci·

206 1090 275 1149 piant
285 1086 333 1135 bel·

206 1152 256 1199 lum
267 1168 320 1201 eum

204 1214 350 1269 Veientibus.

375 358 430 413 186
789 346 874 409 'rm
892 346 993 409 nvn

373 518 405 573 st
417 506 479 572 alia
492 508 571 592 bella
594 520 647 571 ant
665 505 825 591 praesentia
839 505 1006 584 instabant,
1033 515 1069 568 ut
1091 490 1130 568 ab
1143 500 1254 589 ιῈφιίο
1278 502 1414 571 Volscis·

373 616 442 677 que,
457 618 518 659 non
541 596 664 672 diutius,
679 614 770 673 quam
793 612 898 654 recens
913 592 1000 664 dolor
1022 593 1167 677 proxime
1189 592 1286 655 cladis
1301 596 1413 667 trami-

373 694 430 761 ret,
459 682 702 764 quiescentibus:
725 689 759 739 ut
784 698 858 740 mox
886 690 1022 741 moturos
1051 701 1084 741 se
1106 680 1275 764 adparebat
1283 678 1415 743 Sabinos·

372 790 490 851 semper
512 768 657 843 ,infestos
690 763 903 847 Etruriamque
934 786 1067 827 omnem.
1089 766 1144 827 sed
1166 764 1276 837 Veiens
1306 768 1414 847 bostis,

373 854 511 923 assiduus
537 852 645 933 magis,
660 871 752 931 quam
776 852 886 933 gravis,
900 852 1093 914 contumeliis
1108 852 1227 935 saepius,
1250 872 1342 933 qnam
1357 874 1412 937 pe-

371 940 479 1017 riculo,
504 938 622 1000 animos
638 937 797 1018 agitabat:
821 938 904 1018 qnod
923 939 1006 1001 nullo
1032 951 1170 1021 tempore
1184 939 1299 1021 negligi
1324 950 1414 1022 pote·

372 1036 430 1103 rat,
467 1036 521 1086 aut
547 1024 640 1085 averti
666 1022 726 1085 alio
741 1025 767 1069 ⁷⁸
783 1024 913 1086 sinebat.
954 1023 1035 1087 Tum
1059 1023 1155 1086 Fabia
1175 1046 1249 1108 gens
1271 1038 1410 1088 senatum

374 1109 477 1173 adiit¹.
511 1109 616 1173 consul
640 1130 695 1191 pro
721 1122 813 1190 gente
830 1110 982 1191 loquitur:
1005 1110 1163 1173 ‘Assidao
1188 1113 1296 1193 magis,
1318 1124 1409 1192 quam
1480 1140 1483 1145 ·

372 1197 384 1231 ‘
398 1216 511 1277 magno
526 1188 675 1279 praesidio,
689 1207 725 1257 ut
739 1196 834 1274 scitis,
850 1193 953 1257 Patres
968 1197 1145 1277 conscripti,
1166 1197 1279 1259 bellurn
1299 1195 1410 1259 Veiens

358 1284 384 1317 ·‘
397 1296 477 1365 eget.
514 1281 577 1343 Vos
600 1281 661 1343 alia
681 1281 761 1343 bella
790 1293 916 1344 curate:
954 1281 1064 1354 Fabios
1100 1283 1213 1345 hostes
1233 1282 1412 1345 Veientibus

355 1370 480 1431 “dute.
509 1368 659 1431 Auctores
686 1388 799 1447 sumus,
825 1380 925 1431 tutam
949 1368 991 1429 ibi
1002 1366 1196 1450 majestatem
1207 1367 1339 1430 Romani
1353 1390 1411 1431 no·

373 1455 487 1516 ‘minis
504 1454 578 1516 fore.
621 1452 768 1515 Nostrum
789 1453 822 1515 id
836 1454 924 1516 nobis
943 1454 1025 1516 velut
1041 1454 1190 1517 familiare
1203 1454 1326 1532 bellum,
1350 1455 1412 1535 pri·

371 1542 468 1603 ‘vato
487 1552 589 1602 sumtu
602 1560 705 1622 gerere
721 1540 751 1601 in
767 1540 870 1601 animo
884 1552 941 1602 est.
975 1539 1159 1623 Respublica
1182 1551 1216 1602 et
1233 1539 1331 1601 milite
1350 1540 1411 1602 illic

372 1628 429 1688 ‘et
456 1626 586 1709 pecunia
614 1624 721 1687 vacet'
746 1624 859 1689 Gratiae
874 1625 1013 1708 ingentes
1037 1638 1123 1687 acta.
1167 1623 1281 1686 Cornul
1296 1646 1314 1686 e
1329 1627 1413 1689 curia

370 1732 518 1793 egressus,
525 1712 692 1775 comitante
699 1710 863 1773 Fabiorum
870 1712 1004 1793 agmine,
1009 1712 1061 1792 qui
1073 1710 1261 1773 investibulo
1268 1712 1412 1774 curiase·

370 1798 632 1861 nntusconsultum
642 1809 840 1880 expectantes
853 1809 1013 1874 steterant,
1020 1796 1143 1858 domum
1154 1796 1255 1859 rediit.
1272 1795 1411 1859 Jussiar-

370 1883 446 1945 mati
452 1895 575 1966 postero
580 1885 629 1945 die
641 1884 680 1945 ad
689 1884 781 1945 limen
788 1883 919 1945 cosrsulis
928 1882 1155 1959 adesse,domos
1166 1882 1236 1944 inde
1242 1884 1413 1946 discedunt.

413 1968 838 2033 >immaniinmanu
863 1982 984 2030 mmor:
1009 1966 1119 2029 Fabios
1140 1968 1179 2031 ad
1207 1969 1318 2031 coelum
1344 1969 1410 2031 lau·

370 2055 457 2117 dibus
481 2055 591 2118 ferunt.
635 2054 794 2117 Familiam
830 2074 922 2115 unam
959 2054 1104 2116 subissem
1143 2054 1274 2119 civitatis
1291 2093 1296 2103 ι
1312 2076 1409 2117 onus:

370 2139 481 2208 Veiens
500 2141 612 2203 bellurn
634 2141 665 2202 in
684 2142 834 2223 privatam
848 2150 962 2218 curam,
986 2141 1016 2201 in
1031 2139 1150 2222 privata
1171 2162 1256 2203 arma
1279 2162 1409 2204 versum.
1505 2146 1509 2155 '

369 2225 403 2287 Si
425 2228 486 2289 sint
507 2227 571 2289 dua
595 2228 723 2289 roboris*
738 2225 874 2309 ejusdem
898 2226 929 2287 in
959 2227 1058 2288 urbe¹¹
1072 2238 1179 2308 gentes
1190 2250 1201 2304 3
1236 2228 1413 2310 deposcant,

296 2308 299 2313 ’
369 2313 433 2375 hac
452 2312 579 2375 Volscos
601 2314 668 2391 sibi,
691 2313 744 2374 illa
756 2312 896 2393 sliquos:
919 2312 1031 2395 populo
1055 2310 1197 2375 Romano
1217 2314 1411 2395 tranquillam

368 2419 475 2479 pacem
488 2398 609 2479 agente,
632 2419 737 2460 omncs
760 2399 905 2460 finitimos
925 2399 1023 2479 subigi
1038 2399 1165 2481 populos
1182 2420 1282 2481 posse.
1326 2398 1411 2463 Fabii

368 2493 513 2563 postero⁰
539 2483 588 2543 die
609 2504 694 2545 arma
722 2484 858 2565 capiunt.
902 2504 963 2565 quo
981 2483 1059 2564 jussi
1081 2497 1179 2564 erant,
1215 2487 1409 2549 conveniunt.

368 2566 493 2646 Consul,
507 2571 533 2613 ⁷⁴
549 2567 709 2650 paludatus
725 2570 893 2651 egrediens,
917 2570 949 2630 in
970 2570 1120 2634 vestibulo
1143 2583 1268 2654 gentem
1289 2594 1410 2636 omnem

367 2673 454 2714 suam
475 2653 635 2716 'instructo
665 2655 786 2736 agmine
811 2655 903 2716 videt.
925 2668 1068 2740 acceptus
1103 2657 1134 2718 in
1156 2659 1410 2743 medium,·signa

368 2737 437 2798 ferri
444 2736 544 2820 jubet.
588 2737 763 2821 Numquam
782 2742 936 2804 exercitus
956 2762 1054 2822 neque
1078 2743 1179 2806 minor
1197 2766 1333 2825 numero,
1355 2767 1409 2808 ne·

367 2843 425 2903 que
445 2824 553 2886 clarior
578 2817 661 2886 famis
689 2838 721 2888 et
746 2827 947 2890 admiratione
971 2829 1139 2908 hominum,
1160 2851 1214 2912 per
1235 2832 1339 2894 urbem
1361 2833 1409 2895 ln-

367 2907 468 2972 cessit.
490 2912 516 2955 ⁷³
532 2907 593 2971 Sex
609 2923 640 2974 et
659 2913 787 2974 trecenti
802 2913 926 2993 milites,
938 2935 1044 2977 omnes
1058 2916 1191 2998 patricii,
1206 2939 1312 2980 omnes
1321 2919 1408 2980 unius

383 3045 444 3097 ¹adis
457 3048 608 3101 Groncrev.
675 3051 789 3100 ”nabiles
798 3053 864 3101 Eoed.
929 3061 1018 3104 'voees
1027 3058 1052 3103 s’n
1061 3057 1116 3105 serbe
1124 3058 1238 3108 deuotis
1257 3058 1398 3109 MS.Veitb.

674 3133 686 3156 ·
699 3125 783 3178 pssum
794 3117 868 3168 Gron.
879 3117 1107 3171 Cree.Mb'.Veitb.
1145 3120 1149 3128 ⁴

396 3246 418 3282 ⁷³
434 3243 533 3308 Sirsebcl]
560 3245 649 3297 Placuit
659 3246 834 3311 igitursenstui‚
842 3261 871 3300 ut
903 3264 976 3301 esset:
1005 3253 1062 3302 nihil
1083 3254 1160 3319 itaque
1187 3256 1270 3304 mmm
1296 3273 1345 3307 ια
1370 3274 1409 3308 eos

363 3311 493 3376 prr-sidium
511 3311 535 3359 in
552 3313 635 3362 finibus
646 3315 691 3374 agri
702 3311 801 3362 Romani
816 3309 871 3364 con·
903 3317 1124 3379 insignitiusomstos
1131 3321 1209 3369 fuisse.
1225 3321 1407 3374 *Viunosun

364 3376 466 3424 sinentes
477 3375 606 3426 baberetur.
639 3378 685 3426 sed
702 3379 785 3442 duplex
802 3395 871 3441 sngu-
902 3383 1039 3433 adeant
1053 3395 1071 3433 s.
1220 3398 1223 3402 ⁴

364 3439 404 3486 bat
419 3439 548 3498 difficultas,
563 3453 614 3492 tum
629 3445 690 3504 quod
707 3445 814 3506 pecunie,
831 3462 872 3494 ex·
934 3447 1242 3515 nauseamentis]
1268 3451 1408 3516 ExDiony·

363 3505 449 3549 linusro
460 3504 572 3552 continuis
579 3507 644 3554 bellis
654 3509 743 3572 aerario,
758 3524 804 3556 non
815 3526 870 3574 sup·
901 3511 944 3572 sio,
962 3522 1036 3559 totum
1051 3529 1132 3573 egenen
1143 3531 1156 3563 e
1167 3529 1264 3578 quatuor
1272 3517 1321 3564 iere
1332 3515 1406 3564 bomi-

364 3576 470 3630 peteret3
487 3578 537 3614 tum
556 3569 615 3631 quod
634 3586 680 3618 non
698 3572 767 3621 facile
784 3577 870 3638 reperi·
901 3591 957 3623 num
968 3574 1066 3624 millibus
1076 3581 1208 3638 constabst;
1225 3593 1249 3629 st
1266 3578 1337 3642 major
1353 3597 1404 3644 pers

364 3642 455 3708 rentur,
481 3632 520 3694 qui
547 3631 570 3680 in
592 3634 697 3683 militiam
725 3651 817 3696 grauem
844 3651 869 3688 et
901 3641 1057 3690 celienribus
1090 3655 1115 3692 et
1139 3643 1250 3693 mdslibm
1283 3643 1404 3693 Fabiorum

364 3696 475 3744 assiduam
495 3698 586 3746 nornine
607 3701 695 3748 duent.
728 3701 781 3750 ideo
802 3703 869 3751 fabis
900 3716 966 3765 erst3
990 3722 1004 3753 e
1024 3707 1092 3755 Fsbis
1113 3721 1181 3770 gente
1198 3725 1239 3757 ses
1259 3722 1284 3758 et
1304 3713 1404 3759 trecenti

363 3775 420 3820 gens
438 3776 507 3837 sunm·
517 3763 606 3812 senatui
623 3774 648 3812 et
668 3765 757 3831 reipub.
776 3782 868 3830 operam
899 3769 951 3818 viri.
984 3771 1116 3821 Perizonius
1130 3775 1250 3824 Animsds.
1267 3774 1333 3824 Hist.
1347 3778 1404 3828 αὖ.

364 3821 443 3874 offert.
476 3825 548 3876 Dion.
560 3827 576 3876 1.
589 3839 627 3876 rx.
899 3834 965 3882 rsriis
992 3851 1035 3885 nec
1061 3838 1156 3888 fortasse
1184 3842 1316 3904 spernendis
1337 3855 1406 3902 argu·

396 3891 419 3928 ⁷l
434 3889 569 3955 Paludasus]
596 3891 869 3945 Paludsmentoiudutus.
899 3899 984 3949 mentis
1017 3903 1144 3952 convellere
1167 3906 1251 3954 aitittn
1273 3905 1404 3953 umnimrn

363 3953 552 4004 paludamentum
569 3958 658 4022 proprie
676 3959 779 4024 chlamys
796 3962 869 4025 impe·
899 3963 1033 4027 scriptorum
1058 3967 1162 4016 omnium
1189 3972 1219 4019 de
1244 3986 1286 4019 m
1311 3980 1336 4018 et
1357 3981 1406 4018 tre·

363 4022 453 4068 satoris.
484 4021 562 4070 livius
581 4034 658 4070 tamen
678 4025 800 4087 usurpavit,
818 4025 835 4072 Ι.
850 4039 869 4073 r.
899 4031 972 4076 centis
999 4031 1074 4079 Fauii·
1093 4048 1242 4082 conuersum:
1260 4047 1284 4083 et
1301 4034 1404 4098 probabi-

363 4085 450 4156 ⁰2²⁶·
476 4101 517 4148 pro
547 4101 610 4135 veste
642 4087 734 4135 militari
761 4089 869 4148 Curiatii,
898 4091 952 4140 liter
975 4097 1096 4144 admodum
1122 4100 1248 4162 suspicetur
1271 4111 1347 4148 totum
1363 4114 1403 4158 ag·

363 4160 402 4204 qur
424 4161 469 4194 non
490 4151 536 4196 fixit
551 4151 681 4216 imperator.
714 4153 759 4202 Sed
778 4156 869 4217 reponit
898 4171 953 4204 men
980 4175 1020 4208 sex
1057 4173 1082 4210 et
1115 4174 1272 4213 trecentorum
1302 4164 1402 4209 virorum

364 4208 500 4286 {limonium
510 4213 533 4260 in
544 4227 599 4264 nota
610 4217 638 4264 sd
651 4229 704 4266 xtl.
716 4219 754 4266 lu.
786 4219 867 4266 Curis·
896 4220 977 4284 fuisse,
1005 4226 1046 4274 sed
1081 4241 1178 4287 quorum
1206 4231 1280 4278 multo
1305 4226 1403 4275 maxims

360 4282 429 4348 trum,
448 4285 497 4348 'ern
519 4293 564 4325 non
594 4283 764 4344 imperatorem,
788 4296 866 4332 tamen
896 4300 972 4348 perse
988 4289 1111 4338 clientibus
1121 4304 1146 4340 et
1156 4295 1269 4344 sodalibus
1279 4291 1402 4340 Fabiorum

362 4343 866 4416 insternimpetrstuorisalicujusfuiaemomi·
896 4363 972 4404 esset..
996 4353 1057 4401 Eum
1077 4356 1123 4418 edi,
1140 4354 1403 4422 summouenda

360 4414 415 4475 aem
434 4400 617 4478 illustrissimum,
638 4414 704 4472 cnjus
725 4414 864 4462 et'frssrusn
895 4413 970 4474 affert,
992 4419 1106 4473 sationum
1130 4437 1245 4477 momente
1260 4418 1345 4479 sedulo
1356 4438 1399 4472 ex·

360 4474 440 4514 rutuli
460 4481 548 4516 summa
575 4474 607 4520 rei
635 4474 732 4525 Albana
755 4479 863 4540 permissa
892 4480 976 4543 pende,
1066 4481 1069 4487 ’
1135 4486 1137 4489 ’
