3175 5200
553 301 632 361 Llll.
645 299 712 360 llll.
732 299 813 360 CAP.
827 299 879 359 VI.
1123 323 1126 329 ²
1168 307 1227 360 405

180 465 207 510 ⁸⁷
218 483 293 544 quos
315 461 445 526 Rubrius
466 469 588 538 vocant,
604 458 802 540 imperatores
816 454 876 538 ipsi
890 453 1057 534 faciebant)
1082 453 1228 514 ⁸⁸secuu-
1240 469 1273 519 υ.
1284 468 1384 520 cess.

183 549 303 612 durnin
317 571 373 612 sex
393 549 469 611 locis
494 545 603 624 tenuit,
618 543 710 606 nullis
734 543 818 606 domi
842 541 1015 622 militiave
1039 539 1079 602 od
1101 538 1227 602 concili·
1238 533 1378 588 &0³⁶⁹-

182 636 295 706 undam
309 635 439 718 gratiam
455 634 590 712 meritis,
618 642 654 692 ut
675 629 727 712 qui
750 649 819 692 rure
841 639 876 690 et
896 627 1002 710 procul
1022 636 1105 690 coetu
1125 625 1227 689 bomi-

180 741 255 784 num
265 721 422 804 juventam
437 721 560 804 egisset.

119 805 124 815 '
226 805 281 870 Vl.
317 808 439 870 Eodem
466 829 558 886 anno,
595 828 650 870 seu
679 819 765 872 motu
803 819 900 886 terra,
930 829 985 869 seu
1011 829 1071 890 qua
1098 809 1127 870 ri
1157 803 1227 886 ulie,

182 893 282 957 lorum
319 894 454 957 medium
486 895 581 957 ferme
614 915 708 977 specu
733 905 819 956 vasto
844 895 1025 976 conlapsum
1050 897 1083 957 iu
1108 896 1229 958 iumen-

183 1001 249 1043 sam
276 981 470 1043 altitudinem
501 982 633 1043 dicitur:
673 1001 771 1063 neque
795 1001 864 1042 eam
885 982 1061 1063 voraginem
1087 980 1229 1065 conjectu
1240 1009 1367 1074 qu,

148 1065 151 1072 ⁴
181 1077 278 1145 terrae,
293 1087 387 1148 quum
410 1089 466 1150 pro
489 1087 522 1129 se
544 1068 670 1149 quiaque
692 1078 823 1149 gereret,
845 1067 961 1150 expleri
984 1069 1120 1150 potuisse
1134 1069 1229 1151 prius,
1239 1079 1298 1126 toro.

182 1173 275 1235 quam
305 1151 408 1216 Deum
436 1154 554 1217 monitu
587 1154 678 1236 queri
712 1165 859 1236 coeptum,
881 1173 943 1234 quo
973 1154 1139 1237 plurimum
1171 1176 1229 1238 po-

184 1240 272 1322 pulus
288 1239 446 1302 Romanus
461 1239 589 1323 posset?
636 1239 672 1302 ld
688 1240 770 1300 enim
793 1239 836 1301 illi
859 1240 929 1302 loco
950 1239 1123 1319 dicandum,
1144 1253 1229 1303 vates

183 1327 346 1404 canebant,
369 1327 394 1386 si
422 1327 641 1410 rempublicam
672 1325 847 1388 Romanam
874 1338 1054 1408 perpetuam
1076 1348 1143 1389 esse
1164 1327 1228 1389 rel-

181 1411 256 1474 lent.
313 1410 395 1474 Tum
427 1411 474 1474 M.
496 1411 647 1490 Curtium,
674 1410 818 1492 juvenem
840 1411 921 1474 bello
943 1414 1111 1494 egregium,
1134 1414 1369 1478 casti-tuemur

183 1518 272 1580 gesse
288 1499 390 1560 serunt
405 1498 589 1576 dubitantes,
605 1519 644 1558 an
664 1498 759 1558 ullum
784 1497 882 1578 magis
906 1496 1080 1559 Romanum
1102 1500 1228 1577 bonum,
1240 1494 1279 1572 ,Μ·
1290 1493 1386 1572 purtim

182 1604 275 1666 quarn
290 1606 376 1646 arma
389 1585 552 1665 virtusque,
568 1595 659 1646 esset.
703 1583 832 1644 Silentio
847 1583 941 1661 lacto,
957 1584 1075 1665 templa
1089 1583 1228 1648 Deorum
1240 1569 1346 1608 mu*

183 1671 402 1752 inmortalium,
417 1690 483 1750 quae
507 1669 574 1731 foro
597 1669 759 1744 inminent,
775 1667 1022 1750 Capitoliumque
1046 1671 1228 1749 intuentem,

140 1749 143 1758 ’
184 1765 217 1817 et
232 1775 339 1818 manus
354 1775 436 1817 nunc
451 1755 483 1816 in
498 1755 620 1832 ccelum,
635 1775 716 1816 nune
739 1755 769 1814 in
792 1765 934 1837 patentes
955 1767 1044 1818 terrae
1065 1757 1166 1819 hiatus
1187 1759 1229 1820 ad

179 1840 265 1904 Deos
281 1838 390 1904 Manes
413 1841 629 1924 porrigentem,
644 1862 678 1902 se
693 1841 866 1902 devovisse:
899 1861 978 1921 equo
1001 1841 1111 1903 deinde
1133 1863 1227 1923 quarn

180 1939 303 2010 poterat
324 1928 458 1990 maxime
480 1938 629 1989 exornato
652 1926 847 2004 insidentem,
873 1938 1024 1989 armatum
1046 1948 1079 1988 se
1102 1928 1134 1988 in
1157 1949 1227 2011 spe·

108 2089 110 2093 ¹
180 2035 250 2076 cum
274 2015 435 2092 inmisisse,
451 2014 591 2094 donaque
607 2033 643 2075 ac
659 2013 760 2094 fruges
783 2033 967 2094 supereum
989 2033 1009 2073 a
1030 2013 1224 2076 multitudine

180 2101 315 2162 virorum
337 2121 373 2162 ac
399 2099 560 2161 mulierum
582 2109 762 2180 congestas3
801 2097 962 2178 lacumque
993 2097 1142 2176 Curtium,
1165 2120 1227 2161 non

183 2187 221 2248 ab
248 2187 373 2266 antiquo
402 2185 455 2246 illo
491 2183 531 2246 T.
565 2183 648 2246 'l'atii
684 2184 781 2245 milite
819 2182 927 2245 Curtio
963 2181 1076 2263 Metto,
1107 2186 1162 2247 sed
1187 2187 1227 2247 ab

180 2271 241 2334 hoc
268 2270 464 2354 adpellatum.
508 2270 672 2332 Caranon
696 2270 826 2348 deesset,
848 2269 874 2330 si
896 2289 958 2350 qua
983 2271 1023 2332 ad
1047 2291 1152 2332 verum
1177 2272 1227 2334 via

181 2358 386 2440 inquirentem
412 2357 524 2420 ferret:
559 2377 640 2418 nune
666 2356 786 2418 ”lama
807 2375 907 2418 rerum
929 2357 1070 2418 standum
1093 2369 1151 2436 est,
1173 2358 1225 2419 ubi

182 2453 298 2506 certam
335 2445 463 2525 derogat
486 2453 620 2506 venetas
649 2443 751 2505 fidem.
785 2454 819 2520 et
847 2442 932 2503 lacus
961 2463 1074 2505 nomeu
1099 2445 1139 2506 ab
1168 2444 1228 2506 hac

180 2530 350 2593 recentoire
394 2529 568 2613 insignitius
609 2528 713 2590 fabula
753 2539 810 2590 est.
869 2526 941 2589 Post
976 2530 1055 2592 tanti
1095 2530 1225 2614 prodigii
1239 2543 1419 2607 mamm*

180 2618 438 2700 procurationem,
475 2616 585 2679 eodem
621 2636 703 2677 anno
737 2616 775 2677 de
813 2611 957 2677 Hernicis
993 2618 1148 2680 consultus
1178 2640 1227 2681 se·
1239 2619 1357 2670 Hernicis.

178 2714 280 2782 natus,
303 2724 396 2785 quum
426 2702 550 2765 feciales
576 2701 617 2764 ad
642 2722 690 2763 res
719 2701 902 2784 repetendas
930 2703 1139 2785 nequidquam
1168 2706 1228 2767 mi·

179 2791 280 2867 sisset,
303 2790 402 2872 primo
425 2809 547 2871 quoque
575 2788 625 2849 die
654 2786 812 2849 ferendum
839 2788 878 2849 ad
908 2789 1056 2871 populum
1082 2790 1121 2853 de
1146 2792 1228 2855 bello

178 2874 345 2937 indicendo
370 2873 513 2937 Hernicis
533 2874 671 2951 censuit3
706 2874 896 2957 populusque
911 2873 944 2935 id
959 2874 1072 2937 bellum
1086 2876 1228 2960 frequens

175 2959 277 3041 jussit.
342 2958 378 3022 L.
406 2959 545 3023 Genucio
585 2959 703 3021 consuli
739 2979 776 3019 ea
813 2960 970 3041 provincie
1006 2974 1088 3023 sorte
1117 2965 1228 3025 evenit.

180 3045 217 3109 ln
247 3045 477 3128 exspectatione
502 3045 609 3106 civitas
640 3055 716 3122 erat,
743 3043 828 3127 quod
853 3045 967 3126 primus
997 3046 1049 3107 ille
1073 3048 1113 3108 de
1138 3050 1228 3131 plebe

181 3132 289 3195 consul
319 3130 431 3193 bellum
461 3131 522 3192 suis
552 3129 695 3210 auspiciis
724 3140 865 3210 gestums
899 3142 1000 3207 esset5
1037 3132 1164 3212 perinde
1193 3145 1229 3197 ut

181 3218 316 3279 eveniret
338 3237 396 3295 res,
418 3214 726 3277 its'communicatos
741 3214 873 3277 honores
895 3235 951 3297 pro
971 3216 1050 3278 bene
1071 3230 1127 3280 aut
1140 3240 1228 3281 secus

180 3304 322 3367 consulto
361 3302 514 3363 habitura.
583 3298 674 3364 Forte
700 3300 745 3362 ita
772 3300 846 3363 tulit
870 3322 970 3379 casus,
998 3315 1033 3366 ut
1062 3302 1226 3384 Genucius,
1238 3331 1356 3381 &m

180 3390 223 3452 ad
246 3390 347 3453 hostes
370 3408 483 3469 magno
504 3402 617 3450 conatu
639 3386 804 3470 proiectus,
832 3386 865 3448 in
895 3387 1022 3451 iusidias
1052 3391 1224 3475 praecipita·
1237 3397 1296 3475 mre
1310 3412 1361 3447 ren

180 3485 271 3555 ret⁸;
306 3473 475 3557 legionibus
500 3473 686 3557 necopinato
711 3494 824 3556 pavore
846 3472 932 3555 fusis,
958 3476 1065 3539 consul
1094 3474 1303 3542 circum-⁸⁶&-

419 3601 423 3607 '
519 3598 721 3673 tpreeipituretur
730 3598 807 3647 ΟΜ.
817 3596 888 3647 Cret.

211 3706 235 3745 ’l
268 3704 327 3761 Quos
347 3704 452 3771 Ruffulor
471 3704 559 3769 meent]
591 3702 687 3761 liuli'ull.
719 3703 956 3768 militumopuserrt.
988 3706 1035 3755 ter
1045 3721 1088 3770 per
1101 3705 1151 3757 base
1166 3718 1228 3757 tem·

177 3773 227 3821 rive
246 3768 331 3837 Rusulr'
347 3770 523 3833 appellabantur,
539 3768 612 3833 inquit
632 3770 687 3819 Fes-
716 3785 771 3835 pon
789 3770 914 3819 &mores
932 3778 957 3818 et
979 3772 1094 3829 emulsa,
1115 3786 1228 3849 perquem

179 3848 227 3895 trs,
251 3837 337 3891 tribuni
362 3836 459 3885 utitem
479 3851 494 3882 o
516 3836 602 3883 mamb
614 3832 689 3900 sorti,
715 3834 797 3901 prucis
816 3834 923 3897 aufugio
947 3836 1026 3898 poprrli
1052 3836 1139 3885 relicus
1164 3838 1230 3897 loe'n,

179 3918 225 3950 m
245 3918 260 3949 a
279 3901 377 3962 popule:
402 3901 431 3949 cle
450 3914 541 3961 quorun
558 3900 615 3961 jere
630 3900 687 3963 qued
717 3900 807 3977 rspiqus
827 3900 863 3949 sui
890 3900 997 3949 benefitii
1016 3902 1142 3963 faciebant,
1167 3914 1229 3951 terte

178 3964 283 4015 Rutilius
301 3964 377 4032 llqsru
395 3964 463 4029 legera
486 3964 573 4020 missit,
590 3960 686 4027 llrp‘uli,
719 3964 896 4023 lsriqrxssil.

178 4046 207 4081 ae
221 4040 271 4095 port
289 4028 381 4087 Rutuli,
391 4030 439 4078 rire
456 4028 533 4093 paim
546 4027 631 4084 Rutili.
644 4043 686 4087 ep-
748 4030 772 4068 ’9
788 4027 859 4077 Fene
878 4044 955 4077 nrum
974 4030 1078 4077 mur
1093 4028 1136 4095 ert]
1160 4030 1225 4080 otim

176 4096 256 4159 polluti
273 4103 332 4145 sunt·
364 4093 688 4157 sarmentorumque
709 4090 791 4157 sm.
828 4094 934 4156 Sigonius
951 4094 1070 4143 emenderi
1090 4096 1171 4159 lusit,
1192 4098 1227 4145 ei-

179 4156 600 4222 Aoe.ta1>ivin.qstltmontrits
615 4158 687 4223 desig-
719 4160 860 4223 quaterent
878 4160 1095 4222 quatuoreaooeris
1110 4161 1228 4210 cedd-sn-

181 4232 275 4273 mtur.
718 4224 854 4287 riquisaimi,
867 4234 895 4272 ut
909 4236 934 4273 et
954 4240 1009 4274 mus
1021 4224 1097 4272 larini
1107 4228 1227 4276 sermonis.

212 4288 236 4323 ³⁸
252 4287 375 4337 &adun
389 4290 414 4336 la
424 4304 459 4337 rer
469 4284 532 4351 locis]
550 4284 689 4349 Silegiooes
719 4288 758 4339 Sic
776 4300 855 4337 mer
870 4287 1164 4342 minturnensem:
1185 4307 1228 4357 prs

181 4362 288 4417 quatuor.
296 4364 323 4400 ut
333 4352 404 4401 ureris
414 4364 474 4415 ent,
490 4352 536 4402 boc
547 4366 608 4401 euno
616 4354 689 4417 scrip-
720 4355 773 4405 rotir
782 4362 842 4404 certo
850 4362 940 4405 more
948 4362 1025 4406 stov.

180 4428 214 4470 te
241 4426 306 4483 sunt,
326 4428 423 4483 qurum
447 4416 691 4481 senmourmae
