3175 5200
542 386 619 452 Lm.
634 383 688 451 lll.
702 378 789 491 ΙΟΑΡ.
801 384 841 449 V.
1168 387 1228 464 151

189 550 300 616 bellum
330 560 455 633 gereret
499 546 607 633 ltaque
628 548 721 633 AEqui
744 550 782 612 ab
801 537 960 611 Ecetranis
985 545 1101 611 Volscis
1125 549 1226 633 prasi·
1240 558 1375 614 moeso.

189 642 272 703 dium
294 640 417 723 petiere.
432 659 492 721 quo
516 638 625 721 cupide
645 638 759 716 oblato,
786 635 878 717 (adeo
900 636 1035 699 civitates
1056 638 1101 699 hee
1121 627 1373 721 ¹²per-A·⁰·⁴⁶²·

189 739 281 809 petuo
299 728 330 788 in
352 725 506 789 Romanos
531 725 602 787 odio
624 724 788 803 certavere)
814 721 928 785 bellum
951 743 1069 786 summa
1086 726 1116 786 vi
1136 746 1227 807 para·

190 814 286 877 batur.
331 810 474 875 Sentiunt
503 810 641 890 Hernici,
671 822 704 873 et
729 810 894 893 praedicunt
918 808 1073 891 Romanis,
1102 810 1226 875 Faeetra·

189 922 261 963 num
285 900 324 963 ad
347 898 463 981 AEquos
480 898 620 961 descisse.
643 909 784 980 suspecta
807 909 840 960 et
866 896 988 958 colonia
1007 897 1133 961 Antium
1159 900 1226 979 fuit,
1238 920 1384 973 Antioues-

189 988 270 1069 quod
294 1008 405 1069 magna
434 987 477 1048 vis
505 986 662 1048 hominum
689 985 771 1063 inde,
807 1005 899 1066 quum
930 984 1075 1067 oppidum
1105 998 1226 1070 captum
1238 988 1297 1037 tonia
1308 1006 1356 1038 ω*

190 1085 278 1153 esset,
315 1072 501 1156 confugisset
535 1074 575 1135 ad
611 1070 738 1153 AEquos.
776 1072 861 1152 isque
896 1071 983 1133 miles
1024 1093 1078 1155 per
1113 1073 1227 1136 bellum
1238 1069 1310 1118 W·

187 1159 351 1243 AEquicum
370 1162 417 1223 vel
439 1161 600 1223 acerrimus
625 1158 692 1222 fuit.
736 1157 908 1241 Compulsis
927 1158 1038 1222 deinde
1061 1160 1092 1222 in
1115 1162 1229 1243 oppida

187 1246 308 1330 AEquis,
339 1268 376 1309 ea
403 1246 565 1309 multitudo
595 1246 712 1328 dilapsa
742 1266 834 1327 quum
859 1244 988 1308 Antium
1018 1248 1153 1327 redisset,
1173 1269 1228 1311 sua

187 1346 295 1417 sponte
314 1334 381 1417 jam
403 1333 512 1397 infidos
538 1333 661 1397 colonos
682 1332 829 1409 Romanis
853 1332 1042 1396 abalienavit.
1085 1332 1226 1399 Necdum

187 1433 305 1484 matura
330 1442 372 1500 re,
403 1442 494 1503 quum
525 1419 726 1483 defectionem
746 1419 845 1503 parari
870 1418 1003 1482 delatum
1023 1421 1063 1483 ad
1086 1434 1225 1485 senatum

187 1521 276 1588 esset,
287 1508 391 1570 datum
407 1508 562 1588 negotium
578 1518 626 1569 est
644 1506 828 1585 consulibus,
846 1516 890 1585 ut,
904 1507 1088 1590 principibus
1099 1509 1225 1572 coloniae

187 1593 317 1657 Romam
333 1594 449 1673 excitis,
468 1605 634 1676 quererent
649 1594 793 1677 quidnam
809 1594 852 1655 rei
868 1606 957 1656 esset.
968 1596 1020 1676 qui
1035 1615 1126 1677 quum
1141 1595 1224 1658 haud

187 1678 319 1763 giauatir
335 1682 497 1760 venissent,
523 1680 688 1744 introducti
712 1703 731 1743 a
757 1680 927 1743 consulibus
953 1682 995 1743 ad
1017 1693 1155 1745 senatum
1181 1684 1225 1745 ita

186 1769 404 1852 responderunt
426 1768 466 1830 ad
481 1769 676 1851 interrogata,
701 1780 735 1831 ut
755 1767 852 1851 magis
867 1770 1010 1852 suspecti,
1026 1790 1117 1852 quam
1130 1790 1223 1833 vene·

185 1868 262 1935 rant,
296 1855 526 1919 dimitterentur.
584 1852 703 1918 Bellum
738 1856 811 1917 inde
841 1854 923 1917 haud
937 1908 941 1915 .
954 1856 1078 1920 dubium
1108 1857 1223 1920 baberi.

185 1940 238 2025 Sp.
252 1942 367 2022 Furius,
391 1943 548 2007 consulum
570 1943 655 2023 alter,
676 1943 725 2005 cui
751 1964 789 2005 ea
808 1933 963 2026 provincia
977 1956 1128 2023 evenerat,
1150 1966 1222 2029 pro-
1234 1945 1379 1997 1²me

185 2029 282 2092 lectus
297 2030 328 2092 in
343 2028 473 2113 AEquos,
497 2029 697 2093 Hemiconrm
723 2030 755 2091 in
779 2048 853 2112 agro
880 2032 1126 2114 populabundrun
1150 2033 1221 2094 bos·
1234 2011 1355 2063 '‘m'‘

185 2127 247 2179 tem
272 2118 404 2196 invenit3
439 2118 618 2200 ignarusque
642 2116 853 2195 multitudinis,
883 2118 955 2200 quia
982 2138 1129 2201 nusquam
1152 2088 1302 2181 uni-'‘m“

183 2224 268 2266 versa
292 2216 458 2287 conspecta
487 2204 594 2283 luerat,
610 2204 760 2287 inparem
790 2204 886 2286 copiis
916 2206 1082 2267 exercitum
1108 2215 1222 2269 temere

184 2312 292 2373 pugnae
308 2292 468 2353 commisit.
484 2292 582 2374 primo
603 2312 750 2354 concursu
770 2292 873 2374 pulsus
887 2313 921 2353 se
937 2292 968 2353 in
983 2308 1083 2355 eastra
1096 2294 1221 2377 recepit.

183 2398 282 2460 neque
293 2379 317 2439 is
331 2378 399 2439 finis
416 2378 541 2461 periculi
563 2378 629 2441 brit.
644 2400 774 2461 narnque
795 2390 827 2441 et
846 2378 986 2462 proxima
999 2390 1089 2441 nocte
1104 2390 1136 2442 et
1147 2400 1221 2463 pos·
1247 2385 1251 2395 '

183 2476 248 2526 tero
270 2465 317 2527 die
341 2466 472 2527 tantari
494 2476 593 2527 castra
613 2478 682 2529 sunt
702 2466 898 2527 circumsessa
921 2476 1011 2548 atque
1034 2468 1221 2549 obpugnata,

182 2563 216 2613 ut
230 2574 269 2616 ne
284 2553 411 2616 nuncius
435 2552 558 2635 quidem
584 2550 653 2616 inde
671 2552 751 2615 mitti
773 2550 903 2615 Romam
926 2563 1039 2636 posset.
1083 2552 1221 2636 Hemici‚
1233 2568 1358 2649 tlt-iterur

182 2651 214 2702 et
228 2641 307 2702 male
323 2651 500 2723 pugnatum,
527 2652 559 2702 et
573 2641 727 2702 consulem
742 2641 969 2722 exercitumque
984 2639 1126 2721 obsideri,
1142 2640 1220 2704 nuri-
1233 2653 1257 2685 ¹¹²
1268 2640 1359 2688 ml·-

181 2728 345 2790 cieverunt.
366 2739 543 2809 tantumque
567 2739 711 2789 terrorem
738 2728 889 2790 incussere
913 2725 1060 2807 Patribus,
1086 2739 1121 2790 ut
1142 2729 1221 2812 (quae

181 2813 279 2876 forma
297 2815 549 2877 senatusconsulti
568 2814 681 2881 ultimae
699 2835 819 2897 semper
832 2815 1019 2878 necessitatis
1034 2815 1140 2878 habita
1158 2819 1216 2900 est)

181 2897 334 2964 Postumio
359 2903 445 2965 alteri
460 2901 617 2965 consulum
638 2903 794 2984 negotium
817 2901 947 2981 daretur,
971 2903 984 2936 ⁶
995 2899 1165 2965 ¹³Videre⁸
1180 2927 1219 2967 ne

180 2989 278 3070 ‘quid
290 2991 458 3072 respublica
468 2988 641 3052 detrimenti
657 2985 800 3072 caperet'
828 2987 931 3071 Ipsum
947 2989 1101 3052 consulem
1114 2987 1220 3055 Romae

180 3095 303 3138 manere
330 3076 369 3136 ad
394 3075 627 3138 conscribendos
652 3096 768 3153 omnes,
793 3076 845 3157 qui
874 3096 958 3138 arma
983 3075 1060 3137 ferre
1084 3089 1220 3158 possent,

181 3161 329 3241 optimum
353 3162 450 3222 visum
474 3173 539 3223 est:
565 3165 589 3200 ¹⁴
602 3182 656 3242 pro
677 3163 801 3223 consule
825 3160 863 3222 T.
884 3162 1061 3231 Quinctium
1085 3165 1220 3226 subsidio

181 3248 284 3307 castris
304 3267 373 3308 cum
393 3247 496 3308 sociali
516 3246 650 3307 exercitu
667 3247 759 3309 mitti.
782 3247 822 3308 ad
844 3267 913 3307 eum
934 3245 1118 3329 explendum
1133 3247 1219 3310 Lati-

180 3333 222 3411 ni,
247 3330 442 3414 Hemicique,
463 3343 494 3394 et
517 3331 637 3394 colonia
655 3331 781 3394 Antium
803 3332 874 3394 dare
898 3331 1043 3402 Quinctio
1056 3334 1219 3397 subitarios

180 3419 292 3483 milites
310 3420 366 3498 (ita
379 3430 444 3480 turn
459 3419 618 3504 repentina
632 3417 744 3480 auxilia
758 3419 967 3500 adpellabant)
980 3418 1067 3502 jussi.

221 3502 260 3569 V.
283 3503 375 3567 Multi
400 3527 455 3590 per
474 3527 525 3568 eos
541 3505 605 3566 dies
625 3515 725 3567 motus
743 3505 889 3588 multique
904 3507 1023 3590 inpetus
1039 3508 1110 3571 hinc
1126 3521 1217 3592 atque

178 3593 259 3656 illinc
280 3593 364 3671 faeti,
380 3593 460 3676 quia,
476 3603 636 3675 superante
657 3592 859 3671 multitudine,
882 3594 984 3657 hostes
999 3615 1123 3679 carpere
1138 3599 1219 3659 mul-

178 3681 311 3743 tifariam
326 3681 402 3743 vires
418 3680 582 3757 Romanas,
608 3690 726 3742 utnon
751 3679 938 3742 subiecturus
962 3682 1002 3744 ad
1025 3684 1139 3762 omnia,
1162 3686 1218 3746 ad-

177 3767 270 3850 gressi
286 3777 366 3830 sunt.
382 3768 470 3829 simul
491 3778 589 3830 castra
612 3768 873 3850 obpugnabantur,
896 3768 985 3830 simul
1011 3791 1080 3853 pars
1103 3771 1218 3832 exerci-

178 3867 225 3918 tus
248 3856 289 3918 ad
304 3854 509 3940 populandum
535 3875 641 3936 agrum
663 3854 837 3917 Romanum
861 3855 963 3934 missa,
989 3858 1154 3938 urbemque
1170 3856 1221 3937 ip·
1259 3876 1264 3886 ·

149 4013 153 4024 ¹
177 3964 253 4022 sam,
276 3943 300 4004 si
317 3963 377 4024 qua
391 3942 513 4005 fortuna
533 3942 628 4020 daret,
650 3943 838 4004 tentandam.
882 3941 916 4003 1..
932 3940 1070 4003 Valerius
1086 3943 1127 4003 ad
1142 3963 1223 4026 prae-

177 4030 284 4093 sidium
300 4031 381 4092 urbis
401 4029 542 4108 relictus,
566 4029 671 4092 consul
688 4028 859 4092 Postumius
872 4029 913 4091 ad
928 4029 1075 4090 arcendas
1086 4028 1221 4112 popula·

238 4183 512 4254 ‘gronneGronAErsn
714 4188 990 4238 temereternere.
1008 4185 1151 4236 MS.Veitb.

209 4301 420 4366 ¹²·Peqretuo'a’rr
435 4298 552 4363 Romanos]
577 4297 681 4350 AEmula-
712 4301 842 4352 consulibus
865 4301 1049 4367 permittebatur.
1093 4302 1145 4351 Viri.
1166 4302 1220 4352 Sal-

177 4365 262 4416 tionem
282 4370 342 4417 inter
360 4385 385 4418 re
403 4369 522 4432 quamdam
534 4368 639 4434 perpetui
656 4370 681 4416 in
711 4367 766 4416 lust.
778 4367 831 4417 Cat.
843 4368 1193 4419 c.29.etcic.incm1.n.t.

83 4483 87 4492 .
176 4430 291 4482 llomaoor
300 4434 345 4482 odll
354 4445 482 4496 gesserunt.
746 4433 765 4466 ¹⁴
777 4433 792 4462 '
805 4431 947 4495 Procorualc]
966 4435 1025 4482 Her
1039 4435 1218 4499 primoprocoa·

211 4497 231 4532 ¹⁸
250 4497 336 4546 ruore
352 4517 381 4549 ne
396 4501 461 4565 prid]
480 4499 516 4548 lio
534 4509 681 4549 semasson-
712 4499 767 4558 ruiis
778 4499 866 4554 mentio
876 4500 973 4554 occurrit
983 4501 1042 4566 epod
1053 4501 1151 4552 Urium.

175 4563 237 4618 salto
257 4566 344 4638 tunm
363 4580 441 4624 rerum
460 4566 562 4622 enaim
580 4579 679 4633 potesis
761 4571 766 4576 '
849 4583 854 4588 ·
