3175 5200
520 379 596 440 tut
611 379 667 442 IX·
687 379 772 444 GAP.
782 379 850 439 xt.
1136 385 1195 442 ΜΒ

157 531 213 598 lile
235 531 367 616 primum
381 531 447 618 dies
472 532 597 598 fortuna
609 534 704 598 veteri
726 533 915 596 abundantes
924 528 1119 597 Eunaeorum
1133 531 1195 596 frc-
1208 537 1241 588 U·
1252 535 1347 590 0⁴⁴⁴·

29 695 33 711 q
156 621 203 702 git
217 639 301 703 opes.
322 637 431 682 meum
443 619 486 696 ⁴in
504 620 580 700 acie,
599 621 683 703 quod
708 620 825 687 roboris
839 619 920 698 fuit3
942 631 1041 684 oscos
1054 641 1094 684 eo
1107 619 1195 702 inpe-
1207 602 1240 655 A*

158 718 192 769 tu
207 719 300 788 cepte
315 703 501 788 direptaque.

199 789 266 854 XL.
288 789 355 854 Pari
384 792 512 854 subinde
536 791 671 874 periculo
697 791 858 876 gloriaque
888 801 999 856 eventu
1028 789 1140 853 ballum
1162 790 1196 854 in

151 873 345 940 'Samnitibus
376 887 462 955 erat3
496 879 559 958 qui,
595 889 701 962 preter
723 887 841 940 ceteros
862 875 933 940 belli
962 875 1137 958 adparatus,
1162 888 1197 940 ut

159 964 239 1026 acies
254 983 308 1026 sua
327 963 456 1045 fulgeret
476 965 561 1026 novis
575 985 725 1027 armorum
751 963 930 1046 insignibus,
945 963 1092 1026 lecerunt.
1124 961 1196 1024 Duo
1208 972 1345 1050 Samonion

1250 597 1349 652 &3⁰8-

159 1048 310 1112 exercitus
335 1061 438 1112 erantt
466 1061 553 1112 scutc
573 1051 695 1114 ulterius
710 1071 794 1128 auro,
823 1049 947 1125 ulterius
961 1059 1089 1130 argento
1107 1049 1197 1121 crela-
1209 1043 1267 1119 ’Ψ
1276 1042 1347 1114 ³³¹⁸?

156 1146 273 1198 verunt.
316 1133 428 1198 Forma
451 1148 515 1200 erat
531 1137 629 1198 scuti:
658 1157 810 1200 summum
830 1135 930 1212 latius,
945 1155 1007 1217 qua
1021 1145 1126 1216 pecus
1148 1145 1196 1196 ct-
1208 1108 1354 1234 mmm

158 1239 216 1302 que
231 1221 348 1284 humeri
363 1232 519 1304 teguntur,
534 1225 561 1264 ⁸³
570 1222 693 1305 fastigio
713 1221 840 1305 equali,
864 1222 1013 1284 adituum
1027 1219 1197 1299 cuneatior,

150 1307 335 1370 mobilitatis
357 1327 473 1372 causes.
495 1311 521 1349 ⁸⁴
529 1310 659 1391 spongia
679 1307 797 1391 pectori
818 1318 1053 1390 tegumentum
1076 1307 1196 1370 et⁸³si·

156 1393 283 1456 nistrum
307 1413 375 1456 crus
401 1413 492 1456 ocrea
516 1406 643 1458 tectum.
664 1394 758 1476 grdeae
785 1393 928 1472 criente,
960 1413 1026 1477 que
1062 1393 1196 1475 speciem

157 1479 361 1562 magnitudini
391 1499 552 1563 corporum
589 1481 745 1561 adderent.
779 1480 889 1544 trsnicra
912 1479 1027 1548 curatis
1047 1479 1198 1542 militibus

155 1565 360 1644 versicolores,
381 1567 547 1648 argentatis
571 1565 671 1630 lintess
691 1565 840 1630 candide.
861 1565 909 1628 his
931 1565 1086 1630 dextrum.
1102 1583 1197 1636 cornu

158 1651 282 1714 daturne
307 1649 350 1712 illi
373 1653 404 1714 in
429 1653 551 1716 sinistro
562 1653 742 1718 consistunt.
785 1649 888 1714 Notus
897 1648 965 1732 jam
979 1648 1127 1712 Romania
1140 1649 1197 1710 ad·
1253 1679 1258 1687 .

29 1777 30 1790 1
154 1751 278 1819 paratus
288 1737 452 1818 insignium
468 1757 619 1802 ermonrm
633 1739 733 1802 fuerat
741 1760 751 1814 ς
768 1737 910 1819 doctique
923 1757 944 1797 c
958 1735 1085 1800 ducibus
1099 1747 1198 1814 erant,

157 1824 166 1854 ‘
182 1823 339 1886 horridum
353 1823 481 1886 militem
496 1841 562 1886 csse
573 1825 699 1900 debere;
710 1843 773 1888 uon
785 1822 1006 1886 celatumauro
1017 1833 1048 1896 et
1059 1833 1198 1903 ugente,

160 1907 170 1942 ‘
186 1909 240 1970 sed
252 1909 332 1972 ferro
343 1920 376 1972 ct
386 1909 496 1972 animis
507 1910 628 1975 fretum.
642 1910 755 1992 quippe
769 1908 824 1970 illa
836 1907 969 1991 predam
987 1907 1095 1984 verius,
1107 1927 1198 1987 quens

158 1991 169 2026 ‘
184 2013 281 2072 erma,
305 2015 386 2073 esse3
400 1995 530 2068 nitentia
539 2006 612 2058 ante
626 2015 702 2072 rem,
716 1994 867 2058 deformia
876 1995 957 2056 inter
971 1993 1152 2072 sanguinem
1166 2003 1199 2054 et

158 2079 292 2144 vulnere.
316 2077 469 2144 Virtutem
481 2101 547 2144 esse
558 2081 663 2142 militis
682 2081 784 2159 decus,
804 2091 837 2142 et
850 2078 956 2140 omnis
969 2077 1023 2139 illa
1038 2077 1198 2140 victoriam

158 2166 169 2198 ‘
184 2167 290 2247 scqui;
314 2177 346 2229 et
362 2165 457 2229 ditem
471 2165 592 2228 hostem
606 2164 897 2247 quamvispauperis
908 2164 1032 2232 uictoris
1043 2163 1198 2245 premium

158 2250 169 2282 ‘
184 2249 269 2314 ease!
290 2247 349 2312 His
358 2251 469 2314 Cursor
477 2253 599 2314 vocibus
611 2251 771 2314 instinctos
782 2251 895 2313 milites
905 2250 937 2314 in
946 2249 1089 2332 proelium
1103 2248 1198 2313 ducit.

160 2335 268 2398 dextro
283 2337 348 2418 ipse
362 2357 456 2400 cornu
472 2338 628 2415 consistit3
640 2337 764 2400 sinistro
777 2335 912 2420 prefecit
922 2335 1102 2416 magistrum
1112 2335 1199 2415 equi·

158 2434 235 2486 tum.
272 2419 370 2486 Simul
393 2435 440 2486 est
464 2442 654 2501 concursum,
674 2424 782 2505 ingens
801 2422 864 2497 ¹fuit
892 2441 963 2484 curn
988 2421 1076 2484 hoste
1098 2431 1199 2484 certa·

160 2529 250 2586 meur
274 2527 338 2572 non
352 2509 473 2592 segnius
497 2509 576 2574 inter
590 2509 773 2572 dictatorern
799 2520 833 2571 et
849 2508 1028 2590 magietnrm
1051 2507 1199 2588 equitum,

159 2596 198 2657 ab
217 2606 287 2658 utra
309 2608 395 2677 parte
418 2595 547 2659 victoria
567 2595 723 2679 inciperet.
742 2593 834 2670 ¹Prior
847 2593 926 2659 sorte
935 2592 1046 2657 lunius
1059 2612 1198 2667 commc-

158 2682 202 2743 vit
226 2682 356 2759 hostem,
383 2682 455 2745 lero
479 2682 620 2745 dextrum
644 2702 750 2759 cornu,
774 2684 941 2743 ”sacratos
966 2701 1052 2743 more
1076 2677 1197 2742 Samni·
1312 2671 1320 2687 ⁶

159 2767 236 2829 tium
266 2768 389 2845 milites,
414 2788 510 2852 eoque
532 2768 665 2831 candida
679 2779 761 2829 veste
775 2778 808 2829 et
820 2768 942 2850 paribus
956 2766 1087 2829 carrdore
1107 2766 1199 2829 armis

160 2854 325 2935 insignes!
340 2874 431 2917 cocae
442 2854 523 2917 Orco
533 2852 675 2919 mactsre'
684 2852 794 2917 Junina
809 2854 965 2929 dictitons,
976 2852 1199 2935 quominuslis·

162 2951 209 3003 ret
233 2941 329 3021 signa,
356 2941 488 3015 turbavit
516 2942 648 3019 ordines,
670 2952 702 3002 et
726 2938 923 3003 hauddubie
955 2939 1065 3020 inpulit
1092 2938 1201 3000 aciem.

161 3024 253 3095 Quod
261 3025 312 3086 ubi
325 3026 419 3089 sensit
430 3025 573 3104 dictator,
589 3026 657 3088 ‘Ab
668 3025 781 3087 laevone
796 3024 1027 3086 cornuvictcris
1036 3023 1162 3104 incipiet
1173 3021 1197 3085 l'
1233 3096 1236 3100 ἵ

161 3110 270 3191 inquit,
284 3110 336 3171 ‘et
344 3110 484 3173 dextmm
493 3130 598 3190 cornu,
608 3110 766 3173 dictatoris
778 3111 871 3186 acies,
884 3109 1200 3190 ‘⁷ulienampugnsm,

159 3194 336 3277 ‘sequetur,
359 3216 421 3259 non
441 3208 560 3279 portem
579 3192 1029 3279 maximamvictoriaetrahetl'
1055 3191 1200 3259 cmcitst

161 3283 283 3345 milites.
292 3302 348 3343 nec
363 3281 500 3364 peditum
514 3280 617 3345 virtuti
632 3281 760 3367 equites,
771 3292 830 3345 eut
843 3282 1013 3363 legatorum
1026 3278 1129 3343 strrdia
1141 3278 1200 3341 du-

160 3368 245 3431 cibus
269 3366 392 3430 cedunt.
422 3366 469 3431 M.
488 3365 627 3432 Valerius
662 3388 682 3431 a
710 3368 829 3446 dextro,
869 3366 903 3429 Ρ.
925 3366 1039 3441 Decius
1064 3366 1103 3427 ab
1125 3365 1200 3438 levo
1258 3402 1264 3421 =

161 3474 266 3533 cornu,
281 3454 372 3516 arnbo
396 3454 569 3519 consulares
584 3455 624 3518 sd
639 3455 753 3536 equites
778 3454 811 3515 in
824 3453 965 3517 cornibus
985 3453 1101 3536 positos
1130 3472 1200 3515 ere·

163 3540 294 3603 huntur:
317 3539 533 3623 adhortatique
556 3562 618 3620 eos,
640 3556 676 3605 ut
691 3552 810 3624 partem
825 3561 927 3620 secum
939 3550 1131 3623 capesserent
1145 3538 1201 3613 de·

163 3627 253 3705 coris,
279 3628 310 3689 in
341 3637 508 3691 trmaversa
528 3628 623 3691 latera
645 3628 778 3691 hostium
794 3626 959 3689 incurrunt.
990 3624 1022 3687 ls
1036 3646 1131 3689 novus
1144 3624 1201 3687 ad·

195 3838 354 3906 ⁶5⁰1*me
378 3839 467 3904 equeb]
502 3840 598 3891 Summa
617 3854 668 3905 pars
698 3840 766 3889 militi
776 3840 916 3903 animatore
933 3856 961 3889 ac
975 3856 1017 3904 pro
1032 3837 1203 3903 sariopopolo·

164 3908 223 3955 seni
238 3918 287 3955 erat
302 3906 418 3971 quadrata,
435 3906 558 3973 aequalibus
571 3907 666 3957 interae
698 3922 750 3955 rum
761 3922 826 3955 mors
836 3905 1001 3955 sliiu'sinrunr
1014 3920 1079 3967 cru,
1096 3904 1134 3953 elii
1146 3904 1203 3953 dax·

163 3968 369 4021 lineistarrninsts.
697 3983 761 4022 trum
775 3969 891 4029 tegebant.
922 3970 961 4020 Dc
980 3987 1007 4019 ea
1026 3986 1053 4020 ra
1073 3968 1125 4018 ride
1141 3968 1205 4033 upa.

195 4034 218 4073 θ*
233 4034 339 4101 Spongia]
361 4034 461 4085 Videtur
476 4034 666 4099 intelligendslo-
697 4032 1048 4087 timenutensium.

163 4099 210 4149 n'cr
226 4100 251 4149 in
266 4100 364 4165 spongia
377 4102 567 4167 sustentetur
584 4116 667 4164 Μ·
730 4096 1056 4166 ⁶⁶*Smroe....sstsq
1079 4098 1134 4151 Vld.
1149 4107 1204 4149 aot.

164 4164 668 4295 unumst„
699 4161 998 4293 eene.
1012 4223 1124 4293 ,n
1141 4226 1204 4289 t.

164 4296 438 4347 summ
458 4298 667 4359 tsarauama.
698 4292 1203 4358 msbdiisprodimipstaotnn-

164 4372 259 4409 namn.
698 4358 767 4409 ruodo
787 4371 947 4426 prosequetur,
971 4370 1000 4411 et
1022 4358 1096 4412 alicus
1119 4357 1203 4407 &tras

197 4416 220 4456 ⁶⁵
235 4420 414 4475 &teucer
427 4442 490 4477 ceres
504 4418 596 4491 meros]
611 4422 669 4475 Non
699 4424 786 4481 vincat.

165 4496 217 4539 nro
233 4490 292 4557 epra
306 4490 413 4556 entique
429 4506 475 4545 aar
494 4502 586 4547 ncorn
601 4505 668 4547 coca
