3175 5200
471 397 548 460 nra.
559 357 625 459 vn.
646 393 727 460 etr.
748 395 895 458 xxxm
1154 398 1213 456 ιιι

156 557 238 620 haud
262 556 363 619 minus
387 555 499 620 muni
525 555 644 618 celebre
659 575 784 633 nornen,
808 573 901 638 quarn
914 554 1085 633 contulum,
1114 556 1207 618 esset.
1223 543 1364 658 agg}

157 643 384 727 Campanorum
410 643 521 705 deinde
546 639 862 724 ⁷⁸Suesaanorumque
885 640 996 704 auditae
1010 643 1204 724 legationes:
1222 610 1255 658 A'
1288 644 1296 659 ⁶
1351 642 1362 659 ⁴

157 731 409 815 precantibusque
431 730 548 805 datum,
574 741 609 791 ut
624 729 794 812 praesidium
816 749 854 790 eo
876 728 908 790 iu
923 728 1051 790 hiberna
1063 731 1205 793 mittere-

159 829 219 895 tur,
236 838 296 899 quo
312 815 494 880 Samnitium
509 817 702 878 excursiones
709 828 902 892 arcerentur.
945 817 971 862 ⁷⁸
982 815 1135 878 demtum
1146 816 1205 879 mi-

158 905 241 966 nime
256 904 381 966 salubris
396 903 520 966 militari
544 902 711 985 discipline
725 901 833 984 Capua
853 902 1056 965 instrumento
1069 903 1207 965 omnium
1219 891 1362 1005 ‘Romanui-

158 991 360 1073 voluptatium
374 990 524 1054 delenitos
539 990 669 1053 militum
686 990 806 1052 animos
826 990 937 1051 avertit
951 1010 971 1050 a
989 991 1137 1052 memoria
1150 1010 1206 1072 pa·
1219 972 1361 1086 {mmffloe'

160 1077 244 1140 trin:
272 1077 484 1160 inibanturque
508 1077 636 1138 consilia
657 1077 689 1138 in
713 1075 848 1138 bibernis
871 1075 981 1139 eodem
1003 1078 1116 1138 scelere
1138 1077 1206 1138 adi·
1220 1088 1298 1151 cipue
1308 1103 1362 1136 cm.

159 1163 278 1226 mendae
293 1161 460 1247 Campanis
472 1163 594 1246 Capuae,
609 1166 636 1202 ⁸⁰
646 1184 702 1246 per
715 1162 798 1246 quod
812 1162 857 1224 illi
871 1183 940 1224 mm
960 1164 1094 1247 antiquis
1108 1163 1208 1226 culto·
1220 1153 1277 1202 ⁸¹¹¹·

160 1251 242 1312 ribus
257 1251 460 1314 ademissent:
483 1252 600 1332 ‘neque
613 1250 756 1312 inmerito
775 1269 863 1312 suurn
883 1249 1019 1331 ipsorum
1033 1250 1208 1333 exemplum

160 1337 218 1400 ‘in
229 1359 282 1400 eos
293 1357 457 1400 versurum.
501 1335 563 1399 Cur
581 1349 682 1400 autem
699 1336 801 1419 potius
816 1335 969 1418 Campani
985 1357 1092 1419 agrum
1112 1337 1209 1400 ltaliae

160 1424 170 1458 ‘
185 1425 380 1502 uberrimum,
403 1425 527 1505 dignam
543 1445 617 1506 agro
640 1424 755 1500 urbem,
771 1424 822 1507 qui
842 1426 899 1484 nec
920 1443 953 1486 se
971 1445 1028 1486 nec
1046 1445 1102 1485 sua
1116 1425 1209 1486 tutari

160 1509 170 1542 ‘
185 1511 313 1594 possint,
324 1531 415 1594 quam
424 1511 522 1574 victor
533 1510 682 1574 exereitus
691 1510 830 1588 baberet,
838 1509 890 1593 qui
900 1531 956 1572 suo
967 1511 1077 1573 sudore
1088 1531 1126 1572 ac
1136 1531 1208 1572 san·

160 1597 171 1630 ‘
185 1598 277 1678 guine
292 1597 364 1658 inde
375 1595 528 1660 Samnitas
548 1596 734 1679 depulisset?
758 1592 809 1657 A'u
822 1616 941 1678 aquum
956 1617 1033 1674 esse,
1045 1596 1208 1659 dediticios

161 1684 256 1745 ‘suos
274 1682 327 1744 illa
349 1683 506 1745 fertilitate
526 1693 615 1766 atque
632 1683 811 1744 amoenitate
833 1682 945 1764 perfrui
954 1703 965 1759 ς
981 1704 1024 1760 ee,
1046 1682 1208 1746 militando

161 1770 171 1802 ‘
186 1769 292 1847 fessos,
307 1769 339 1831 in
355 1769 516 1851 pestilente
531 1780 620 1851 atque
632 1767 719 1829 arido
731 1768 813 1832 circa
827 1768 933 1830 urbem
949 1769 1017 1831 solo
1026 1768 1146 1847 luctari,
1155 1780 1209 1832 aut

159 1855 169 1888 ‘
185 1855 217 1915 in
231 1857 305 1918 urbe
325 1855 506 1918 insidentem
528 1855 631 1916 tabem
646 1855 810 1917 crescentis
833 1855 865 1915 in
886 1855 952 1917 dies
967 1855 1092 1918 loenoris
1106 1856 1172 1938 pati
1183 1853 1207 1917 i'

160 1939 234 2003 Hac
250 1941 368 2023 agitata
381 1941 509 2004 occultis
521 1940 793 2022 conjurationibus,
809 1941 940 2002 necdum
955 1943 1079 2024 vulgata
1092 1943 1125 2003 in
1139 1963 1207 2004 om·

160 2031 213 2089 nes
230 2029 366 2106 consilia,
377 2028 493 2090 invenit
502 2048 596 2090 nonis
607 2027 711 2092 consul
722 2026 759 2088 C.
769 2025 907 2089 Marcius
916 2025 1046 2106 Rutilus,
1055 2028 1104 2089 cui
1113 2025 1207 2089 Cam·
1221 2029 1254 2076 U·
1264 2029 1294 2077 0·
1305 2031 1362 2080 ⁴¹³·

142 2167 144 2171 .
161 2115 254 2198 pania
266 2125 347 2176 sorte
358 2115 524 2197 provincia
538 2121 687 2190 evenerat,
712 2112 752 2183 Q.
764 2111 892 2175 Servilio
906 2113 1025 2195 collega
1048 2114 1088 2176 atl
1101 2115 1206 2175 urbem
1219 2094 1359 2209 ἓξὲξ·

163 2201 279 2263 relicto.
324 2199 430 2282 ltaque
445 2221 536 2282 quum
553 2199 657 2261 omnia
672 2219 718 2277 ea,
745 2200 826 2261 sicut
848 2211 937 2281 gesta
958 2213 1056 2277 erant,
1082 2220 1137 2281 per
1151 2201 1207 2264 tri·
1222 2224 1267 2273 rv,
1279 2221 1376 2277 0521.

163 2286 261 2348 bunos
276 2297 434 2368 comperta
447 2287 585 2363 haberet,
609 2297 641 2348 et
655 2297 744 2348 aetate
760 2300 792 2348 et
811 2305 865 2347 usu
887 2285 996 2347 docms
1018 2286 1143 2369 (quippe
1158 2288 1209 2367 qui
1221 2290 1275 2337 vitu
1285 2289 1349 2338 eon.

159 2371 226 2454 jam
241 2385 382 2456 quartum
398 2373 504 2434 consul
518 2383 608 2450 esset,
631 2372 823 2454 dictatorque
839 2385 872 2435 et
886 2392 993 2433 censor
1007 2373 1127 2453 fuisset)
1153 2395 1211 2456 op·

164 2460 273 2521 timum
289 2471 382 2538 ratus,
408 2459 575 2522 differendo
601 2479 697 2541 spem,
721 2459 974 2540 quandocumque
987 2459 1110 2539 vellent,
1136 2480 1211 2523 con·

166 2547 225 2609 silii
241 2546 437 2628 exsequendi,
461 2545 625 2608 militarem
641 2545 778 2628 inpetum
797 2545 955 2622 fmstrari5
982 2566 1135 2609 rumorem
1148 2546 1212 2608 dis·

166 2634 257 2715 sipat,
284 2635 316 2695 in
332 2634 439 2696 iisdem
456 2633 577 2716 oppidis
599 2643 632 2695 et
655 2652 736 2694 anno
757 2644 830 2715 post
843 2632 983 2715 praesidia
1005 2634 1209 2697 hibernatura.

165 2720 261 2783 divisa
282 2720 362 2781 enim
390 2732 477 2782 erant
502 2740 556 2801 per
579 2716 758 2801 Campaniae
781 2721 882 2796 urbes,
908 2733 1166 2801 manaverantque
1191 2741 1212 2781 a

165 2804 271 2891 Capua
291 2806 418 2869 consilia
439 2807 470 2869 in
493 2806 660 2875 exercitum
685 2826 819 2869 omnem.
862 2806 909 2869 Eo
932 2804 1108 2870 laxamento
1124 2807 1210 2889 cogi·

163 2894 331 2956 tationibus
346 2894 431 2972 dato,
446 2892 559 2974 quievit
573 2892 604 2953 in
621 2893 780 2975 praesentia
794 2893 915 2957 seditio.
1178 2897 1216 2965 2²3⁴.

204 2978 356 3041 XXXIX.
378 2977 509 3057 Consul,
534 2980 647 3041 educto
671 2980 702 3041 in
728 2979 832 3041 entim
856 2980 965 3055 milite,
996 2982 1070 3043 dum
1091 2981 1210 3063 quietos
1222 2976 1340 3024 &⁶²¹²-

168 3063 321 3127 Samnites
344 3066 489 3143 habebat,
515 3065 682 3127 exercitum
703 3086 833 3147 purgare
856 3068 881 3105 ⁸¹
892 3068 1084 3129 missionibus
1106 3069 1211 3130 turbu·
1223 3041 1316 3090 duntur.

167 3153 318 3213 lentorum
333 3151 492 3213 hominum
518 3150 660 3227 instituit,
685 3150 751 3211 aliis
766 3151 896 3213 emerita
910 3151 1043 3214 dicendo
1057 3152 1212 3235 stipendia

167 3258 243 3317 esse,
258 3238 335 3299 alios
348 3258 454 3319 graves
472 3236 539 3318 jam
553 3248 656 3312 etate,
679 3248 732 3299 aut
745 3237 858 3298 viribus
873 3258 980 3319 parum
994 3238 1120 3300 validos.
1143 3239 1210 3319 qui·

166 3325 238 3387 dam
252 3325 321 3385 ⁸²in
340 3334 528 3387 commeatus
551 3322 760 3401 mittebantur,
782 3323 893 3404 singuli
915 3325 1025 3408 primo,
1048 3324 1157 3386 deiude
1179 3338 1211 3388 et

165 3412 306 3473 cobortes
321 3410 469 3492 quiedam,
492 3409 563 3491 quia
578 3408 683 3491 procul
703 3410 751 3473 ab.
763 3408 857 3471 domo
871 3432 909 3473 ac
930 3412 1019 3473 rebus
1034 3411 1095 3473 suis
1110 3412 1210 3473 biber·

166 3509 300 3560 nassent.
344 3496 400 3559 Per
415 3496 548 3579 speciem
562 3496 657 3559 etiam
679 3495 857 3559 militarium
871 3518 990 3578 usuum,
1013 3499 1144 3579 ”quum
1157 3498 1210 3561 alii

166 3584 226 3646 alio
249 3578 452 3660 mitterentur,
478 3602 592 3663 magne
613 3602 682 3664 para
697 3582 841 3663 ablegati.
866 3605 956 3666 quam
983 3585 1210 3647 multitudinem

165 3671 270 3733 consul
296 3670 374 3733 alter
395 3668 500 3733 Roma
523 3680 704 3751 pratorque‚
729 3668 805 3731 alias
825 3691 866 3732 ex
887 3672 954 3734 aliis
975 3671 1119 3753 fingendo
1142 3693 1210 3734 mo-

164 3778 223 3837 ras,
239 3757 420 3821 retinebat·
442 3754 484 3819 Et
507 3756 606 3839 primo
630 3755 764 3837 quidem,
789 3756 887 3841 ignari
903 3757 1129 3839 ludificationis,
1152 3759 1211 3819 mi-

197 3955 220 3993 'n
236 3954 440 4019 summorumque]
471 3956 542 4005 lubet
566 3956 672 4018 Skonim
703 3956 909 4021 rlbmadmimt]
929 3955 1062 4007 Vultu.
1078 3956 1153 4007 adl.
1173 3970 1214 4004 m·

163 4021 208 4083 legi
243 4019 476 4084 stammas.-
505 4036 550 4070 nec
576 4023 671 4073 sortus
703 4036 751 4085 pte.
1127 4060 1134 4070 .

162 4088 212 4137 sine
233 4100 307 4135 musa.
357 4085 466 4135 seeum·
492 4087 555 4135 cuim
579 4089 672 4152 propius
735 4086 757 4121 ⁸¹
775 4086 791 4115 ⁶
804 4085 952 4150 mnu]
970 4085 1090 4135 Mittcudo
1106 4102 1120 4132 a
1135 4086 1214 4147 riguis,

165 4170 178 4201 a
200 4150 279 4216 Capua
293 4151 371 4209 ,abesa
390 4168 460 4215 quam
481 4152 573 4210 Suessa,
597 4165 622 4203 et
642 4154 669 4202 ad
690 4151 903 4203 .tolreudcmilitia
921 4152 1018 4215 eosqui
1036 4150 1172 4201 turbulento
1187 4163 1213 4201 ct

166 4232 217 4267 mm
238 4228 364 4281 pugnatura
387 4219 437 4282 jem
457 4234 511 4269 eum
532 4217 674 4269 Samnitibus
704 4218 798 4271 laetiore
808 4216 899 4279 ingenio
908 4228 984 4267 meat.

167 4294 214 4333 est·
594 4291 602 4301 '
714 4318 716 4323 ,
737 4282 760 4317 “²
779 4282 807 4331 la
828 4282 1025 4345 maurella
1047 4297 1100 4346 qun
1127 4281 1210 4346 tuique

198 4346 221 4385 ⁷⁹
235 4344 287 4394 Jcm
297 4345 356 4409 uon]
378 4346 432 4399 lloe
448 4349 534 4399 uictum
549 4358 584 4398 eat
603 4364 671 4412 prop.
703 4347 785 4397 liberat
795 4348 1066 4407 tocndrroeommeatu.

168 4424 206 4461 ter
224 4410 318 4461 hiberna
328 4413 458 4471 Annibalis,
475 4414 542 4480 cujus
559 4414 671 4463 exercitur
736 4413 758 4447 Β
776 4411 901 4466 Quanam
915 4413 959 4460 alia
975 4413 1127 4477 misereatur]
1146 4410 1211 4467 Qua·

166 4476 586 4611 Clffimu'illltiomllmddlqldi
601 4544 673 4595 culto·
703 4474 1122 4605 mmmmm
1132 4493 1212 4551 m·

832 4576 841 4607 r
