3175 5200
205 508 350 575 uesta*

204 587 236 635 A.
245 588 272 636 C·
283 590 338 638 ⁴⁴7.

205 650 275 715 AEqui
284 652 343 702 Tua·

203 716 319 769 cubnum.

375 368 429 427 rsa
798 354 882 419 'nn
900 336 1018 419 Ltvn'

370 510 425 583 viri
445 518 627 595 consultant,
648 513 721 597 quid
743 516 820 597 'opus
841 515 925 577 facto
943 514 993 579 sit.
1016 515 1169 580 destitutis
1191 516 1271 580 inter
1286 513 1409 583 Pattum

371 621 404 672 et
418 608 515 692 plebis
525 606 597 668 odia
609 602 746 664 adsidite
761 614 907 663 terrorem
918 603 1039 687 insuper
1047 604 1139 665 alium
1154 603 1287 668 fortuna.
1317 603 1410 689 AEqni

372 697 432 757 alia
460 716 498 757 ex
526 702 612 776 parte
640 699 738 750 castra
771 688 803 749 in
833 687 947 770 Algido
974 691 1096 753 locante
1130 690 1410 775 depopulatumque

371 782 441 845 inde
464 776 687 843 excursionibus
715 772 920 838 Tusculanum
955 798 1060 861 agrum
1086 778 1179 861 legati
1207 781 1245 842 ab
1266 778 1409 860 'lusculq

370 868 538 952 praesidium
555 875 686 941 orantes,
707 846 861 925 nunciant.
909 862 939 925 ls
966 886 1059 948 pavor
1080 864 1236 949 perpulit‘t
1256 868 1409 931 decemvi-

370 976 429 1033 ros,
445 964 479 1015 ut
493 963 642 1029 senatum,
668 948 756 1011 simul
778 947 894 1010 duobus
909 951 1173 1015 circumstantibus
1188 955 1293 1017 urbem
1309 952 1407 1033 bellis,

371 1039 569 1103 consulerent
602 1037 688 1099 citari
711 1034 822 1117 jubent
847 1037 878 1097 in
905 1038 1018 1099 curiam
1045 1036 1162 1119 Patres,
1188 1042 1271 1104 haud
1297 1043 1406 1123 ignari,

370 1137 483 1211 quanta
515 1124 633 1186 invidia
666 1123 826 1184 inmineret
857 1133 1041 1205 tempestas:
1080 1147 1185 1188 omnes
1210 1130 1318 1191 vastati
1342 1129 1407 1211 agri

369 1214 628 1297 periculorumque
644 1209 855 1272 inminentium
871 1229 991 1270 caussas
1013 1211 1044 1271 in
1064 1232 1096 1272 se
1116 1227 1322 1295 congesturos,
1338 1228 1406 1279 ten-

369 1301 577 1382 tationemque
593 1318 659 1359 earn
675 1296 760 1357 lore'
775 1294 915 1356 abolendi
928 1296 983 1356 sibi
996 1298 1200 1377 magistratus,
1215 1302 1246 1361 ni
1257 1323 1405 1365 consensu

370 1389 553 1465 resisterent,
578 1382 764 1467 imperioque
780 1381 946 1444 inhibendo
963 1383 1073 1444 acriter
1092 1383 1124 1445 in
1139 1405 1252 1466 paucos
1266 1389 1406 1468 prefero*

371 1477 414 1537 cis
427 1474 530 1553 animi,
550 1482 676 1541 conatus
692 1469 819 1531 aliorum
835 1470 1083 1551 comprimerent.
1126 1468 1289 1553 Postquam
1305 1474 1408 1539 andita

371 1583 430 1626 vox
455 1563 486 1623 in
505 1560 572 1622 foro
596 1569 642 1620 est
666 1555 822 1639 preconis,
845 1554 949 1616 Patres
974 1556 1005 1617 in
1032 1558 1146 1619 curiam
1163 1558 1204 1620 ad
1225 1559 1407 1624 decemviros

370 1649 527 1726 vocantis5
550 1646 631 1707 velut
653 1664 803 1717 navares,
828 1641 899 1723 quia
913 1642 1136 1706 intermiserant
1147 1642 1268 1727 jamdiu
1289 1669 1404 1710 morem

372 1734 547 1799 consulendi
563 1743 694 1810 senatus,
709 1728 916 1791 mirabundam
931 1730 1050 1813 plebem
1066 1732 1226 1812 convertit,
1241 1733 1404 1815 ‘quidnam

371 1825 383 1858 ‘
397 1822 561 1899 incidisset,
577 1841 629 1882 cur
643 1839 681 1881 ex
695 1828 782 1879 tanto
798 1817 954 1879 intervallo
969 1839 1033 1879 rem
1049 1818 1204 1880 desuetam
1215 1834 1404 1903 usurparent.

369 1912 381 1945 ‘
396 1906 542 1971 Hostibus
552 1907 690 1988 belloque
699 1904 1015 1987 gratiamhabendam,
1026 1906 1106 1987 quod
1112 1906 1234 1969 solitum
1240 1908 1404 1991 quidquam

368 1998 379 2031 ‘
394 1996 493 2058 liberae
508 1993 637 2057 civitatis
648 1989 755 2053 fieret!
779 1989 1038 2074 Circumspect'are
1048 1993 1187 2055 omnibus
1199 1994 1256 2055 fori
1268 1996 1403 2077 partibus

367 2094 548 2157 senatorem,
568 2099 694 2161 raroque
711 2098 840 2160 nsquam
859 2078 1032 2142 noscitare:
1055 2080 1169 2141 curiam
1188 2079 1260 2143 inde
1280 2103 1316 2143 ac
1331 2082 1403 2143 soli-

367 2170 503 2234 tudinem
522 2169 603 2231 circa
627 2165 813 2228 decemviros
837 2165 968 2244 intueri3
992 2168 1018 2211 ⁶⁷
1035 2186 1128 2248 quum
1149 2179 1181 2230 et
1199 2167 1256 2251 ipsi
1277 2168 1403 2231 invisum

366 2265 536 2321 consensu·
558 2254 729 2336 imperium,
754 2264 786 2315 et
810 2252 906 2334 plebs,
933 2253 1005 2334 quia
1027 2254 1149 2336 privatis
1171 2251 1221 2335 jus
1243 2276 1305 2317 non
1327 2267 1407 2318 esset

366 2342 494 2407 vocandi
518 2352 668 2420 senatum,
701 2362 763 2402 non
794 2339 953 2401 convenire
984 2337 1087 2402 Patres
1118 2341 1415 2423 interpretarentur3.

367 2433 394 2471 ⁰⁸
402 2430 467 2513 jam
479 2440 570 2511 capnt
590 2426 654 2489 fieri
678 2427 850 2489 libertatem
865 2427 1077 2508 repetentium,
1098 2427 1123 2489 si
1145 2449 1178 2488 se
1199 2429 1286 2510 plebs
1309 2429 1404 2491 comi·

365 2529 429 2579 tem
444 2516 559 2578 senatui
577 2515 639 2593 det,
660 2525 702 2593 et,
719 2514 978 2595 'quemadmodum
1002 2511 1106 2575 Patres
1128 2515 1226 2576 vocati
1249 2537 1310 2578 non
1333 2524 1404 2579 coe-

365 2615 421 2666 ant
436 2605 466 2666 in
486 2613 635 2680 senatum,
655 2602 697 2662 sic
714 2602 803 2684 'plebs
823 2603 936 2664 abnuat
958 2599 1119 2664 delectum.
1164 2601 1238 2665 Haec
1258 2603 1405 2666 fremunt‘

365 2691 479 2774 plebes.
522 2688 645 2751 Patrum
667 2688 749 2750 haud
775 2689 837 2750 fere
862 2690 1021 2772 quisquam
1042 2689 1074 2751 in
1099 2689 1176 2770 foro,
1201 2691 1232 2751 in
1254 2689 1329 2754 urbe
1344 2691 1402 2753 rari

366 2789 462 2840 erant.
485 2775 667 2858 indignitate
691 2795 790 2836 rerum
813 2789 966 2838 cesserant
990 2776 1021 2838 in
1051 2794 1159 2859 agros3
1183 2777 1209 2817 θ’
1221 2797 1401 2861 suarumque

365 2885 463 2928 rerum
479 2875 576 2943 erant,
600 2862 733 2925 amissau
755 2861 896 2946 publiea:
919 2873 1039 2923 tantum
1054 2864 1092 2924 ab
1114 2863 1224 2945 injuria
1247 2885 1280 2926 se
1296 2865 1401 2926 abesse

366 2953 436 3032 rati,
458 2963 604 3034 qnantum
626 2960 670 3011 a¹
693 2962 774 3012 coetu
797 2969 1019 3031 congressuque
1041 2940 1242 3032 inpotentium
1261 2951 1401 3013 domino-

364 3061 430 3101 rum
457 3061 489 3102 se
518 3037 708 3100 amavissent.
762 3034 925 3118 Postquam
956 3036 1042 3098 citati
1073 3057 1135 3098 non
1168 3036 1401 3116 conveniebant,

363 3125 480 3188 dimissi
501 3125 584 3186 'circa
606 3124 714 3186 domos
737 3123 935 3205 adparitores,
957 3123 1047 3186 simul
1067 3123 1145 3184 ⁷⁰ad
1167 3124 1297 3208 pignora
1317 3124 1401 3208 capi·

395 3305 480 3354 l’tddr't
490 3301 563 3354 Gron.
574 3304 643 3353 Cret.
725 3301 840 3364 spercudt
852 3299 916 3349 End.
934 3299 988 3348 MS.
999 3298 1081 3349 Veitb.
1178 3300 1339 3362 ‘muletam
1347 3297 1401 3349 tul

359 3371 588 3434 pbtrbnemeamsere
602 3366 745 3420 navoth.
819 3364 1210 3417 'mmmmsuanGronCren
1284 3366 1402 3431 ‘fiam

362 3435 427 3484 Eoed.
554 3437 650 3482 “onina
665 3433 719 3484 MS.
731 3431 811 3482 vern.
940 3431 1048 3480 ΗΜ.

392 3585 416 3624 ⁰⁷
433 3585 600 3648 Quassatque]
623 3586 702 3636 Qnunr
722 3601 746 3637 et
762 3589 867 3653 ipaiDe-
897 3588 1087 3638 Satblibettotera
1104 3591 1172 3652 ι’ρω
1188 3589 1402 3645 iabsndnludiaia,

361 3652 867 3718 eemviriinterpretarentursuumimperinm
896 3657 940 3703 aiei
941 3688 1024 3704 .....
1034 3653 1306 3720 ημπςαάψηάω.

362 3718 867 3785 inrisameareconreosu;i.e.hujmaoli·
926 3717 1397 3776 ⁰⁹·Suanm...mmat‚mtm

362 3786 449 3834 tudinis
469 3799 559 3832 canaam
577 3794 628 3831 'ease
647 3782 785 3848 judicarent,
807 3786 866 3847 quod
894 3785 1093 3848 publituMmisn
1103 3781 1232 3849 reipublicae
1248 3783 1399 3848 poaeenione,

362 3849 483 3914 imperium
500 3864 565 3896 auum
580 3850 685 3898 omnibns
701 3850 794 3898 omnino
805 3851 865 3898 inri-
897 3865 964 3913 qnam
975 3863 1017 3914 pro
1029 3850 1121 3899 libidine
1138 3847 1250 3899 veaabant
1259 3846 1402 3902 Decemviri,

361 3924 496 4027 mmesqetz
505 3925 530 3994 et
541 3914 603 4028 pssqbs
614 3915 865 3994 interpretaretut‚ideo
896 3917 1191 4030 miunmodobpritataram
1209 3929 1287 3964 rerum
1306 3927 1398 3961 mamm

362 3995 444 4029 noneo
459 3993 537 4028 ventre
579 3992 637 4038 tres,-
659 3997 774 4030 ηιμ...
896 3997 974 4030 turam
1011 3997 1036 4029 re
1066 3994 1101 4032 nt.

393 4042 417 4078 Β
432 4045 483 4094 lom
502 4055 566 4109 eaput
574 3997 723 4110 fien]qtam,
743 4048 798 4093 dum
820 4045 883 4097 de·=
927 4047 952 4083 7⁰
966 3997 1112 4111 Adepigem
1132 4046 1248 4110 sapienda]
1276 4046 1399 4093 Senatores

362 4121 461 4159 nectam
478 4126 594 4161 senatores
612 4111 732 4176 imperium
742 4109 866 4159 Decemri.
895 4112 1012 4176 oportebat
1033 4112 1057 4158 in
1078 4113 1165 4160 curam
1186 4113 1214 4159 ad
1232 4110 1331 4160 edietum
1351 4123 1400 4157 nra·

362 4175 419 4234 rale,
427 4176 474 4223 dari
485 4177 649 4240 quodammodo
659 4189 726 4241 caput
740 4175 866 4240 repetenti·
895 4178 1000 4240 gistratns
1021 4177 1153 4228 convenite.
1193 4175 1400 4226 uetustatem

361 4241 405 4288 bus
415 4241 552 4299 libertatem,
560 4244 681 4306 omniaque
692 4243 752 4291 bene
763 4257 864 4304 cessura,
895 4243 1056 4304 neglexisent,
1096 4245 1180 4292 mulcta
1213 4244 1241 4291 iia
1263 4241 1401 4290 dicebatur.

361 4305 488 4370 aiseplebs
498 4309 607 4356 comitem
618 4309 706 4357 senatui
717 4309 765 4358 det.
797 4307 864 4372 Stepe
895 4308 952 4356 Eam
974 4321 1000 4357 ut
1020 4309 1109 4358 solvere
1138 4319 1284 4369 merentur,
1310 4306 1402 4371 pignota

362 4383 416 4420 ante
425 4371 546 4436 particulas
555 4375 582 4433 st,
591 4374 789 4439 autnidrnppleri
797 4389 864 4438 opor-
895 4375 922 4422 ab
943 4373 971 4423 iia
991 4375 1170 4425 emerebantur:
1198 4380 1259 4437 qnae,
1279 4373 1298 4421 si
1317 4372 1403 4420 muta·

362 4448 398 4488 tet
408 4437 497 4501 aliquod
506 4438 613 4486 orationis
623 4441 866 4490 membrnmexaeoan
895 4441 968 4488 soluta
989 4457 1037 4490 aon
1057 4452 1127 4496 esset,
1141 4439 1298 4497 credebantur,
1314 4437 1338 4484 id
1355 4447 1403 4496 eat,

362 4515 388 4555 et
398 4513 477 4556 mesta
488 4502 615 4557 tabentia.
631 4505 692 4559 Siai.
702 4521 731 4563 n.
739 4509 865 4574 rapace.
885 4505 1056 4560 vendantur·
1098 4504 1177 4571 Haisa
1208 4503 1280 4559 uratia
1313 4501 1402 4564 ΜΨ
