<?xml version="1.0" encoding="UTF-8"?>
<!DOCTYPE html PUBLIC "-//W3C//DTD XHTML 1.0 Transitional//EN"
    "http://www.w3.org/TR/xhtml1/DTD/xhtml1-transitional.dtd">
<html xmlns="http://www.w3.org/1999/xhtml" xml:lang="en" lang="en">
 <head>
  <title>
</title>
<meta http-equiv="Content-Type" content="text/html;charset=utf-8" />
  <meta name='ocr-system' content='tesseract 3.04.00' />
  <meta name='ocr-capabilities' content='ocr_page ocr_carea ocr_par ocr_line ocrx_word'/>
</head>
<body>
  <div class='ocr_page' id='page_1' title='image "./tliviipatavinih03grongoog_0333.png"; bbox 0 0 3175 5200; ppageno 0'>
   <div class='ocr_carea' id='block_1_1' title="bbox 530 366 1215 441">
    <p class='ocr_par' dir='ltr' id='par_1_1' title="bbox 530 366 1215 441">
     <span class='ocr_line' id='line_1_1' title="bbox 530 366 1215 441; baseline -0.003 -10"><span class='ocrx_word' id='word_1_1' title='bbox 530 370 606 431; x_wconf 74' lang='grc' dir='ltr'>ΗΒ.</span> <span class='ocrx_word' id='word_1_2' title='bbox 626 366 663 430; x_wconf 84' lang='lat' dir='ltr'>v.</span> <span class='ocrx_word' id='word_1_3' title='bbox 683 366 764 431; x_wconf 79' lang='lat' dir='ltr'>crll’.</span> <span class='ocrx_word' id='word_1_4' title='bbox 782 370 820 429; x_wconf 82' lang='lat' dir='ltr'>v.</span> <span class='ocrx_word' id='word_1_5' title='bbox 1154 382 1215 441; x_wconf 67' lang='lat' dir='ltr'>aaa</span> 
     </span>
    </p>
   </div>
   <div class='ocr_carea' id='block_1_2' title="bbox 168 496 1418 611">
    <p class='ocr_par' dir='ltr' id='par_1_2' title="bbox 168 496 1418 611">
     <span class='ocr_line' id='line_1_2' title="bbox 168 496 1418 611; baseline 0.013 -29"><span class='ocrx_word' id='word_1_6' title='bbox 168 522 288 603; x_wconf 88' lang='lat' dir='ltr'>‘pensa</span> <span class='ocrx_word' id='word_1_7' title='bbox 313 540 405 605; x_wconf 80' lang='lat' dir='ltr'>opera</span> <span class='ocrx_word' id='word_1_8' title='bbox 428 532 486 583; x_wconf 88' lang='lat' dir='ltr'>est.</span> <span class='ocrx_word' id='word_1_9' title='bbox 510 522 596 585; x_wconf 86' lang='lat' dir='ltr'>labor</span> <span class='ocrx_word' id='word_1_10' title='bbox 624 522 835 607; x_wconf 70' lang='lat' dir='ltr'>voluptasque,</span> <span class='ocrx_word' id='word_1_11' title='bbox 863 522 1066 591; x_wconf 86' lang='lat' dir='ltr'>dissimillima</span> <span class='ocrx_word' id='word_1_12' title='bbox 1087 540 1208 611; x_wconf 81' lang='lat' dir='ltr'>namra,</span> <span class='ocrx_word' id='word_1_13' title='bbox 1221 542 1364 599; x_wconf 56' lang='grc' dir='ltr'>ηοω.</span> <span class='ocrx_word' id='word_1_14' title='bbox 1415 496 1418 503; x_wconf 30' lang='lat'>¹</span> 
     </span>
    </p>
   </div>
   <div class='ocr_carea' id='block_1_3' title="bbox 50 606 1359 4391">
    <p class='ocr_par' dir='ltr' id='par_1_3' title="bbox 50 606 1359 4391">
     <span class='ocr_line' id='line_1_3' title="bbox 168 606 1359 691; baseline 0.009 -22"><span class='ocrx_word' id='word_1_15' title='bbox 168 608 340 671; x_wconf 84' lang='lat' dir='ltr'>‘societate</span> <span class='ocrx_word' id='word_1_16' title='bbox 363 606 493 689; x_wconf 87' lang='lat' dir='ltr'>quadam</span> <span class='ocrx_word' id='word_1_17' title='bbox 513 610 592 671; x_wconf 83' lang='lat' dir='ltr'>inter</span> <span class='ocrx_word' id='word_1_18' title='bbox 611 628 644 671; x_wconf 86' lang='lat' dir='ltr'>se</span> <span class='ocrx_word' id='word_1_19' title='bbox 669 610 799 671; x_wconf 84' lang='lat' dir='ltr'>naturali</span> <span class='ocrx_word' id='word_1_20' title='bbox 821 621 894 671; x_wconf 89' lang='lat' dir='ltr'>sunt</span> <span class='ocrx_word' id='word_1_21' title='bbox 912 609 1031 691; x_wconf 82' lang='lat' dir='ltr'>juncta.</span> <span class='ocrx_word' id='word_1_22' title='bbox 1073 610 1293 681; x_wconf 57' lang='lat' dir='ltr'>motator-⁰·</span> <span class='ocrx_word' id='word_1_23' title='bbox 1302 610 1359 660; x_wconf 83' lang='lat'>⁴⁰⁰·</span> 
     </span>
     <span class='ocr_line' id='line_1_4' title="bbox 167 693 1207 785; baseline 0.012 -31"><span class='ocrx_word' id='word_1_24' title='bbox 167 693 285 757; x_wconf 83' lang='lat' dir='ltr'>‘antea</span> <span class='ocrx_word' id='word_1_25' title='bbox 306 695 423 757; x_wconf 84' lang='lat' dir='ltr'>ferebat</span> <span class='ocrx_word' id='word_1_26' title='bbox 440 695 538 773; x_wconf 87' lang='lat' dir='ltr'>miles,</span> <span class='ocrx_word' id='word_1_27' title='bbox 563 712 596 756; x_wconf 85' lang='lat' dir='ltr'>se</span> <span class='ocrx_word' id='word_1_28' title='bbox 614 714 669 757; x_wconf 88' lang='lat' dir='ltr'>suo</span> <span class='ocrx_word' id='word_1_29' title='bbox 688 706 790 758; x_wconf 88' lang='lat' dir='ltr'>sumtu</span> <span class='ocrx_word' id='word_1_30' title='bbox 808 714 933 777; x_wconf 83' lang='lat' dir='ltr'>operam</span> <span class='ocrx_word' id='word_1_31' title='bbox 947 698 1117 781; x_wconf 70' lang='lat' dir='ltr'><strong>reipublice</strong></span> <span class='ocrx_word' id='word_1_32' title='bbox 1130 722 1207 785; x_wconf 82' lang='lat' dir='ltr'>prte-</span> 
     </span>
     <span class='ocr_line' id='line_1_5' title="bbox 143 780 1206 869; baseline 0.011 -30"><span class='ocrx_word' id='word_1_33' title='bbox 143 834 146 839; x_wconf 20' lang='lat' dir='ltr'>r</span> <span class='ocrx_word' id='word_1_34' title='bbox 168 780 282 842; x_wconf 84' lang='lat' dir='ltr'>‘beret</span> <span class='ocrx_word' id='word_1_35' title='bbox 304 780 458 862; x_wconf 76' lang='lat' dir='ltr'><strong>gaudebat</strong></span> <span class='ocrx_word' id='word_1_36' title='bbox 477 780 569 858; x_wconf 89' lang='lat' dir='ltr'>idem,</span> <span class='ocrx_word' id='word_1_37' title='bbox 591 792 709 863; x_wconf 89' lang='lat' dir='ltr'>partem</span> <span class='ocrx_word' id='word_1_38' title='bbox 724 781 797 843; x_wconf 87' lang='lat' dir='ltr'>anni</span> <span class='ocrx_word' id='word_1_39' title='bbox 810 802 845 843; x_wconf 90' lang='lat' dir='ltr'>se</span> <span class='ocrx_word' id='word_1_40' title='bbox 859 802 966 864; x_wconf 86' lang='lat' dir='ltr'>agrum</span> <span class='ocrx_word' id='word_1_41' title='bbox 985 802 1072 849; x_wconf 88' lang='lat' dir='ltr'>suum</span> <span class='ocrx_word' id='word_1_42' title='bbox 1087 788 1187 851; x_wconf 81' lang='lat' dir='ltr'>colere</span> <span class='ocrx_word' id='word_1_43' title='bbox 1195 812 1206 869; x_wconf 80' lang='lat'>3</span> 
     </span>
     <span class='ocr_line' id='line_1_6' title="bbox 167 866 1208 954; baseline 0.003 -26"><span class='ocrx_word' id='word_1_44' title='bbox 167 866 335 946; x_wconf 60' lang='lat' dir='ltr'>‘quarere</span> <span class='ocrx_word' id='word_1_45' title='bbox 357 867 437 929; x_wconf 88' lang='lat' dir='ltr'>unde</span> <span class='ocrx_word' id='word_1_46' title='bbox 466 866 549 929; x_wconf 90' lang='lat' dir='ltr'>domi</span> <span class='ocrx_word' id='word_1_47' title='bbox 573 866 748 949; x_wconf 67' lang='lat' dir='ltr'>militiaque</span> <span class='ocrx_word' id='word_1_48' title='bbox 777 886 810 929; x_wconf 87' lang='lat' dir='ltr'>se</span> <span class='ocrx_word' id='word_1_49' title='bbox 835 886 872 930; x_wconf 88' lang='lat' dir='ltr'>ac</span> <span class='ocrx_word' id='word_1_50' title='bbox 898 888 968 931; x_wconf 86' lang='lat' dir='ltr'>suos</span> <span class='ocrx_word' id='word_1_51' title='bbox 994 872 1071 933; x_wconf 84' lang='lat' dir='ltr'>trrcri</span> <span class='ocrx_word' id='word_1_52' title='bbox 1095 885 1208 954; x_wconf 79' lang='lat' dir='ltr'>posset.</span> 
     </span>
     <span class='ocr_line' id='line_1_7' title="bbox 167 950 1209 1041; baseline 0.007 -26"><span class='ocrx_word' id='word_1_53' title='bbox 167 951 178 983; x_wconf 91' lang='lat'>‘</span> <span class='ocrx_word' id='word_1_54' title='bbox 192 950 313 1015; x_wconf 88' lang='lat' dir='ltr'>Gaudet</span> <span class='ocrx_word' id='word_1_55' title='bbox 326 972 417 1031; x_wconf 90' lang='lat' dir='ltr'>nuno,</span> <span class='ocrx_word' id='word_1_56' title='bbox 433 952 544 1016; x_wconf 81' lang='lat' dir='ltr'>fructui</span> <span class='ocrx_word' id='word_1_57' title='bbox 559 954 616 1015; x_wconf 91' lang='lat' dir='ltr'>sibi</span> <span class='ocrx_word' id='word_1_58' title='bbox 628 953 846 1035; x_wconf 76' lang='lat' dir='ltr'>rempublicam</span> <span class='ocrx_word' id='word_1_59' title='bbox 858 968 935 1033; x_wconf 88' lang='lat' dir='ltr'>esse,</span> <span class='ocrx_word' id='word_1_60' title='bbox 949 969 983 1017; x_wconf 90' lang='lat' dir='ltr'>et</span> <span class='ocrx_word' id='word_1_61' title='bbox 996 955 1082 1019; x_wconf 79' lang='lat' dir='ltr'>lanus</span> <span class='ocrx_word' id='word_1_62' title='bbox 1092 958 1209 1041; x_wconf 87' lang='lat' dir='ltr'>stipen-</span> 
     </span>
     <span class='ocr_line' id='line_1_8' title="bbox 167 1038 1209 1123; baseline 0.008 -24"><span class='ocrx_word' id='word_1_63' title='bbox 167 1038 183 1079; x_wconf 94' lang='lat'>‘·</span> <span class='ocrx_word' id='word_1_64' title='bbox 193 1038 275 1099; x_wconf 89' lang='lat' dir='ltr'>dium</span> <span class='ocrx_word' id='word_1_65' title='bbox 287 1039 411 1122; x_wconf 86' lang='lat' dir='ltr'>accipit.</span> <span class='ocrx_word' id='word_1_66' title='bbox 424 1058 510 1119; x_wconf 80' lang='lat' dir='ltr'>aquo</span> <span class='ocrx_word' id='word_1_67' title='bbox 525 1038 618 1121; x_wconf 86' lang='lat' dir='ltr'>igitur</span> <span class='ocrx_word' id='word_1_68' title='bbox 632 1039 740 1105; x_wconf 87' lang='lat' dir='ltr'>animo</span> <span class='ocrx_word' id='word_1_69' title='bbox 749 1040 895 1123; x_wconf 73' lang='lat' dir='ltr'>patiaturr,</span> <span class='ocrx_word' id='word_1_70' title='bbox 905 1060 939 1102; x_wconf 85' lang='lat' dir='ltr'>se</span> <span class='ocrx_word' id='word_1_71' title='bbox 952 1042 992 1103; x_wconf 89' lang='lat' dir='ltr'>ab</span> <span class='ocrx_word' id='word_1_72' title='bbox 1004 1041 1109 1120; x_wconf 89' lang='lat' dir='ltr'>domo,</span> <span class='ocrx_word' id='word_1_73' title='bbox 1123 1046 1163 1106; x_wconf 88' lang='lat' dir='ltr'>ab</span> <span class='ocrx_word' id='word_1_74' title='bbox 1177 1066 1209 1107; x_wconf 84' lang='lat' dir='ltr'>re</span> 
     </span>
     <span class='ocr_line' id='line_1_9' title="bbox 167 1122 1220 1212; baseline 0.009 -28"><span class='ocrx_word' id='word_1_75' title='bbox 167 1123 178 1154; x_wconf 89' lang='lat'>‘</span> <span class='ocrx_word' id='word_1_76' title='bbox 192 1122 344 1203; x_wconf 79' lang='lat' dir='ltr'>familiari,</span> <span class='ocrx_word' id='word_1_77' title='bbox 359 1126 408 1187; x_wconf 88' lang='lat' dir='ltr'>cui</span> <span class='ocrx_word' id='word_1_78' title='bbox 426 1126 526 1207; x_wconf 85' lang='lat' dir='ltr'>gravis</span> <span class='ocrx_word' id='word_1_79' title='bbox 537 1127 664 1208; x_wconf 86' lang='lat' dir='ltr'>inpensa</span> <span class='ocrx_word' id='word_1_80' title='bbox 685 1144 747 1188; x_wconf 89' lang='lat' dir='ltr'>uon</span> <span class='ocrx_word' id='word_1_81' title='bbox 762 1136 821 1204; x_wconf 87' lang='lat' dir='ltr'>est,</span> <span class='ocrx_word' id='word_1_82' title='bbox 840 1126 944 1209; x_wconf 86' lang='lat' dir='ltr'>paullo</span> <span class='ocrx_word' id='word_1_83' title='bbox 966 1126 1080 1191; x_wconf 83' lang='lat' dir='ltr'>dlutius</span> <span class='ocrx_word' id='word_1_84' title='bbox 1095 1130 1220 1212; x_wconf 81' lang='lat' dir='ltr'>olretse.¹</span> 
     </span>
     <span class='ocr_line' id='line_1_10' title="bbox 167 1208 1208 1297; baseline 0.01 -26"><span class='ocrx_word' id='word_1_85' title='bbox 167 1208 251 1289; x_wconf 88' lang='lat' dir='ltr'>‘An,</span> <span class='ocrx_word' id='word_1_86' title='bbox 266 1211 291 1271; x_wconf 89' lang='lat' dir='ltr'>si</span> <span class='ocrx_word' id='word_1_87' title='bbox 307 1212 348 1273; x_wconf 88' lang='lat' dir='ltr'>ad</span> <span class='ocrx_word' id='word_1_88' title='bbox 361 1211 493 1275; x_wconf 84' lang='lat' dir='ltr'>calculos</span> <span class='ocrx_word' id='word_1_89' title='bbox 513 1230 582 1276; x_wconf 89' lang='lat' dir='ltr'>cum</span> <span class='ocrx_word' id='word_1_90' title='bbox 597 1212 768 1297; x_wconf 73' lang='lat' dir='ltr'>respublica</span> <span class='ocrx_word' id='word_1_91' title='bbox 778 1226 880 1291; x_wconf 81' lang='lat' dir='ltr'>vocet,</span> <span class='ocrx_word' id='word_1_92' title='bbox 894 1230 957 1275; x_wconf 89' lang='lat' dir='ltr'>aon</span> <span class='ocrx_word' id='word_1_93' title='bbox 973 1214 1085 1277; x_wconf 78' lang='lat' dir='ltr'>mento</span> <span class='ocrx_word' id='word_1_94' title='bbox 1101 1215 1208 1281; x_wconf 78' lang='lat' dir='ltr'>dicati</span> 
     </span>
     <span class='ocr_line' id='line_1_11' title="bbox 158 1297 1210 1382; baseline 0.01 -25"><span class='ocrx_word' id='word_1_95' title='bbox 158 1297 178 1365; x_wconf 65' lang='lat'>‚‘</span> <span class='ocrx_word' id='word_1_96' title='bbox 192 1316 294 1359; x_wconf 82' lang='lat' dir='ltr'>annue</span> <span class='ocrx_word' id='word_1_97' title='bbox 307 1318 365 1359; x_wconf 83' lang='lat' dir='ltr'>aera</span> <span class='ocrx_word' id='word_1_98' title='bbox 381 1298 485 1375; x_wconf 69' lang='lat' dir='ltr'>haba,</span> <span class='ocrx_word' id='word_1_99' title='bbox 500 1316 633 1359; x_wconf 86' lang='lat' dir='ltr'>annuam</span> <span class='ocrx_word' id='word_1_100' title='bbox 647 1316 772 1379; x_wconf 85' lang='lat' dir='ltr'>operam</span> <span class='ocrx_word' id='word_1_101' title='bbox 782 1298 850 1361; x_wconf 88' lang='lat' dir='ltr'>ede.</span> <span class='ocrx_word' id='word_1_102' title='bbox 892 1298 945 1361; x_wconf 82' lang='lat' dir='ltr'>Au</span> <span class='ocrx_word' id='word_1_103' title='bbox 960 1310 995 1362; x_wconf 85' lang='lat' dir='ltr'>tu</span> <span class='ocrx_word' id='word_1_104' title='bbox 1004 1320 1123 1382; x_wconf 84' lang='lat' dir='ltr'>requam</span> <span class='ocrx_word' id='word_1_105' title='bbox 1134 1322 1210 1367; x_wconf 90' lang='lat' dir='ltr'>cea-</span> 
     </span>
     <span class='ocr_line' id='line_1_12' title="bbox 165 1380 1208 1471; baseline 0.008 -28"><span class='ocrx_word' id='word_1_106' title='bbox 165 1380 250 1460; x_wconf 84' lang='lat' dir='ltr'>‘scs‚</span> <span class='ocrx_word' id='word_1_107' title='bbox 277 1382 412 1445; x_wconf 68' lang='lat' dir='ltr'>militia!</span> <span class='ocrx_word' id='word_1_108' title='bbox 445 1384 580 1445; x_wconf 68' lang='lat' dir='ltr'>sematd</span> <span class='ocrx_word' id='word_1_109' title='bbox 611 1382 741 1445; x_wconf 87' lang='lat' dir='ltr'>solidum</span> <span class='ocrx_word' id='word_1_110' title='bbox 771 1396 804 1447; x_wconf 90' lang='lat' dir='ltr'>te</span> <span class='ocrx_word' id='word_1_111' title='bbox 832 1380 1018 1467; x_wconf 85' lang='lat' dir='ltr'>stipenditun</span> <span class='ocrx_word' id='word_1_112' title='bbox 1047 1385 1208 1471; x_wconf 79' lang='lat' dir='ltr'>accipere?</span> 
     </span>
     <span class='ocr_line' id='line_1_13' title="bbox 166 1466 1295 1553; baseline 0.009 -24"><span class='ocrx_word' id='word_1_113' title='bbox 166 1466 305 1529; x_wconf 77' lang='lat' dir='ltr'>‘Invitus</span> <span class='ocrx_word' id='word_1_114' title='bbox 328 1470 361 1531; x_wconf 90' lang='lat' dir='ltr'>in</span> <span class='ocrx_word' id='word_1_115' title='bbox 386 1469 445 1531; x_wconf 89' lang='lat' dir='ltr'>hac</span> <span class='ocrx_word' id='word_1_116' title='bbox 464 1480 550 1553; x_wconf 86' lang='lat' dir='ltr'>parte</span> <span class='ocrx_word' id='word_1_117' title='bbox 570 1468 727 1547; x_wconf 85' lang='lat' dir='ltr'>orationis,</span> <span class='ocrx_word' id='word_1_118' title='bbox 751 1470 895 1549; x_wconf 73' lang='lat' dir='ltr'>Quirites,</span> <span class='ocrx_word' id='word_1_119' title='bbox 920 1490 1041 1535; x_wconf 79' lang='lat' dir='ltr'>mororr</span> <span class='ocrx_word' id='word_1_120' title='bbox 1064 1472 1209 1539; x_wconf 58' lang='lat' dir='ltr'>tietuini</span> <span class='ocrx_word' id='word_1_121' title='bbox 1292 1518 1295 1523; x_wconf 88' lang='lat'><em>-</em></span> 
     </span>
     <span class='ocr_line' id='line_1_14' title="bbox 165 1552 1209 1637; baseline -0.007 -20"><span class='ocrx_word' id='word_1_122' title='bbox 165 1552 281 1637; x_wconf 84' lang='lat' dir='ltr'>‘agere</span> <span class='ocrx_word' id='word_1_123' title='bbox 296 1555 420 1632; x_wconf 89' lang='lat' dir='ltr'>debent,</span> <span class='ocrx_word' id='word_1_124' title='bbox 444 1555 494 1637; x_wconf 91' lang='lat' dir='ltr'>qui</span> <span class='ocrx_word' id='word_1_125' title='bbox 521 1554 708 1617; x_wconf 84' lang='lat' dir='ltr'>mercenario</span> <span class='ocrx_word' id='word_1_126' title='bbox 730 1553 829 1616; x_wconf 81' lang='lat' dir='ltr'>milite</span> <span class='ocrx_word' id='word_1_127' title='bbox 841 1568 978 1621; x_wconf 79' lang='lat' dir='ltr'>utunnu.</span> <span class='ocrx_word' id='word_1_128' title='bbox 998 1570 1032 1622; x_wconf 86' lang='lat' dir='ltr'>at</span> <span class='ocrx_word' id='word_1_129' title='bbox 1051 1578 1108 1623; x_wconf 89' lang='lat' dir='ltr'>uos</span> <span class='ocrx_word' id='word_1_130' title='bbox 1127 1572 1209 1625; x_wconf 85' lang='lat' dir='ltr'>tam.</span> 
     </span>
     <span class='ocr_line' id='line_1_15' title="bbox 165 1640 1209 1726; baseline 0.001 -23"><span class='ocrx_word' id='word_1_131' title='bbox 165 1640 281 1723; x_wconf 65' lang='lat' dir='ltr'>‘quam</span> <span class='ocrx_word' id='word_1_132' title='bbox 303 1660 374 1703; x_wconf 90' lang='lat' dir='ltr'>cum</span> <span class='ocrx_word' id='word_1_133' title='bbox 393 1642 509 1703; x_wconf 85' lang='lat' dir='ltr'>civibus</span> <span class='ocrx_word' id='word_1_134' title='bbox 534 1640 807 1721; x_wconf 77' lang='lat' dir='ltr'>agere.volumusz</span> <span class='ocrx_word' id='word_1_135' title='bbox 829 1642 941 1721; x_wconf 84' lang='lat' dir='ltr'>agique</span> <span class='ocrx_word' id='word_1_136' title='bbox 961 1655 1118 1726; x_wconf 81' lang='lat' dir='ltr'>tamquam</span> <span class='ocrx_word' id='word_1_137' title='bbox 1137 1666 1209 1710; x_wconf 82' lang='lat' dir='ltr'>cam</span> 
     </span>
     <span class='ocr_line' id='line_1_16' title="bbox 165 1724 1208 1813; baseline 0.007 -24"><span class='ocrx_word' id='word_1_138' title='bbox 165 1724 176 1757; x_wconf 91' lang='lat'>‘</span> <span class='ocrx_word' id='word_1_139' title='bbox 190 1728 291 1809; x_wconf 89' lang='lat' dir='ltr'>patria</span> <span class='ocrx_word' id='word_1_140' title='bbox 304 1727 461 1789; x_wconf 86' lang='lat' dir='ltr'>nobisctun</span> <span class='ocrx_word' id='word_1_141' title='bbox 476 1746 595 1808; x_wconf 68' lang='lat' dir='ltr'>equum</span> <span class='ocrx_word' id='word_1_142' title='bbox 609 1742 776 1788; x_wconf 74' lang='lat' dir='ltr'>censemus.</span> <span class='ocrx_word' id='word_1_143' title='bbox 820 1725 886 1788; x_wconf 83' lang='lat' dir='ltr'>Aut</span> <span class='ocrx_word' id='word_1_144' title='bbox 896 1746 960 1789; x_wconf 89' lang='lat' dir='ltr'>uon</span> <span class='ocrx_word' id='word_1_145' title='bbox 972 1731 1084 1813; x_wconf 77' lang='lat' dir='ltr'>suscipi</span> <span class='ocrx_word' id='word_1_146' title='bbox 1095 1733 1208 1796; x_wconf 86' lang='lat' dir='ltr'>bellum</span> 
     </span>
     <span class='ocr_line' id='line_1_17' title="bbox 164 1810 1207 1900; baseline 0.003 -25"><span class='ocrx_word' id='word_1_147' title='bbox 164 1811 326 1897; x_wconf 86' lang='lat' dir='ltr'>‘oportuit</span> <span class='ocrx_word' id='word_1_148' title='bbox 335 1832 346 1891; x_wconf 81' lang='lat'>3</span> <span class='ocrx_word' id='word_1_149' title='bbox 370 1822 425 1875; x_wconf 86' lang='lat' dir='ltr'>aut</span> <span class='ocrx_word' id='word_1_150' title='bbox 437 1813 502 1897; x_wconf 89' lang='lat' dir='ltr'>geri</span> <span class='ocrx_word' id='word_1_151' title='bbox 522 1832 579 1895; x_wconf 93' lang='lat' dir='ltr'>pro</span> <span class='ocrx_word' id='word_1_152' title='bbox 600 1812 750 1893; x_wconf 72' lang='lat' dir='ltr'>dignitate</span> <span class='ocrx_word' id='word_1_153' title='bbox 765 1812 870 1894; x_wconf 89' lang='lat' dir='ltr'>populi</span> <span class='ocrx_word' id='word_1_154' title='bbox 885 1810 1028 1893; x_wconf 85' lang='lat' dir='ltr'>Romani,</span> <span class='ocrx_word' id='word_1_155' title='bbox 1051 1824 1085 1879; x_wconf 82' lang='lat' dir='ltr'>ct</span> <span class='ocrx_word' id='word_1_156' title='bbox 1102 1820 1207 1900; x_wconf 78' lang='lat' dir='ltr'>perliti</span> 
     </span>
     <span class='ocr_line' id='line_1_18' title="bbox 164 1896 1208 1983; baseline 0.002 -21"><span class='ocrx_word' id='word_1_157' title='bbox 164 1900 174 1932; x_wconf 93' lang='lat'>‘</span> <span class='ocrx_word' id='word_1_158' title='bbox 188 1918 280 1981; x_wconf 88' lang='lat' dir='ltr'>quam</span> <span class='ocrx_word' id='word_1_159' title='bbox 294 1900 426 1982; x_wconf 89' lang='lat' dir='ltr'>primum</span> <span class='ocrx_word' id='word_1_160' title='bbox 437 1910 569 1983; x_wconf 88' lang='lat' dir='ltr'>oportet.</span> <span class='ocrx_word' id='word_1_161' title='bbox 601 1896 775 1961; x_wconf 84' lang='lat' dir='ltr'>Perticietur</span> <span class='ocrx_word' id='word_1_162' title='bbox 785 1910 899 1976; x_wconf 79' lang='lat' dir='ltr'>autem,</span> <span class='ocrx_word' id='word_1_163' title='bbox 912 1898 938 1959; x_wconf 91' lang='lat' dir='ltr'>si</span> <span class='ocrx_word' id='word_1_164' title='bbox 952 1918 1094 1982; x_wconf 84' lang='lat' dir='ltr'>urgernus</span> <span class='ocrx_word' id='word_1_165' title='bbox 1103 1904 1208 1967; x_wconf 86' lang='lat' dir='ltr'>obses-</span> 
     </span>
     <span class='ocr_line' id='line_1_19' title="bbox 164 1984 1208 2071; baseline 0.005 -23"><span class='ocrx_word' id='word_1_166' title='bbox 164 1986 174 2018; x_wconf 90' lang='lat'>‘</span> <span class='ocrx_word' id='word_1_167' title='bbox 188 2008 259 2049; x_wconf 72' lang='lat' dir='ltr'>sose</span> <span class='ocrx_word' id='word_1_168' title='bbox 282 1987 381 2049; x_wconf 88' lang='lat' dir='ltr'>sinon</span> <span class='ocrx_word' id='word_1_169' title='bbox 397 1998 468 2049; x_wconf 84' lang='lat' dir='ltr'>mtc</span> <span class='ocrx_word' id='word_1_170' title='bbox 480 1985 680 2061; x_wconf 85' lang='lat' dir='ltr'>abscedimus,</span> <span class='ocrx_word' id='word_1_171' title='bbox 696 2004 787 2067; x_wconf 87' lang='lat' dir='ltr'>quam</span> <span class='ocrx_word' id='word_1_172' title='bbox 799 1984 864 2067; x_wconf 86' lang='lat' dir='ltr'>spei</span> <span class='ocrx_word' id='word_1_173' title='bbox 878 1996 988 2049; x_wconf 68' lang='lat' dir='ltr'>uostm</span> <span class='ocrx_word' id='word_1_174' title='bbox 1001 1986 1094 2051; x_wconf 84' lang='lat' dir='ltr'>lineas</span> <span class='ocrx_word' id='word_1_175' title='bbox 1108 1992 1208 2071; x_wconf 88' lang='lat' dir='ltr'>captis</span> 
     </span>
     <span class='ocr_line' id='line_1_20' title="bbox 50 2066 1209 2159; baseline 0.007 -30"><span class='ocrx_word' id='word_1_176' title='bbox 50 2125 52 2129; x_wconf 81' lang='grc'>,</span> <span class='ocrx_word' id='word_1_177' title='bbox 164 2070 272 2134; x_wconf 86' lang='lat' dir='ltr'>‘Veiis</span> <span class='ocrx_word' id='word_1_178' title='bbox 287 2073 518 2155; x_wconf 85' lang='lat' dir='ltr'>inposuerinrus.</span> <span class='ocrx_word' id='word_1_179' title='bbox 563 2069 607 2146; x_wconf 89' lang='lat' dir='ltr'>Si,</span> <span class='ocrx_word' id='word_1_180' title='bbox 623 2066 802 2149; x_wconf 41' lang='lat' dir='ltr'>Hercules&amp;</span> <span class='ocrx_word' id='word_1_181' title='bbox 820 2070 905 2135; x_wconf 87' lang='lat' dir='ltr'>nulla</span> <span class='ocrx_word' id='word_1_182' title='bbox 928 2071 991 2135; x_wconf 88' lang='lat' dir='ltr'>alia</span> <span class='ocrx_word' id='word_1_183' title='bbox 1010 2092 1127 2154; x_wconf 73' lang='grc' dir='ltr'>οωιο,</span> <span class='ocrx_word' id='word_1_184' title='bbox 1141 2076 1209 2159; x_wconf 86' lang='lat' dir='ltr'>ipsa</span> 
     </span>
     <span class='ocr_line' id='line_1_21' title="bbox 163 2156 1207 2245; baseline 0.005 -25"><span class='ocrx_word' id='word_1_185' title='bbox 163 2159 367 2245; x_wconf 78' lang='lat' dir='ltr'>‘indignitas&#39;</span> <span class='ocrx_word' id='word_1_186' title='bbox 386 2156 640 2242; x_wconf 82' lang='lat' dir='ltr'>perseverentiam</span> <span class='ocrx_word' id='word_1_187' title='bbox 660 2157 805 2239; x_wconf 79' lang='lat' dir='ltr'>inponere</span> <span class='ocrx_word' id='word_1_188' title='bbox 819 2158 934 2220; x_wconf 84' lang='lat' dir='ltr'>debuit</span> <span class='ocrx_word' id='word_1_189' title='bbox 977 2156 1094 2243; x_wconf 75' lang='lat' dir='ltr'>Decem</span> <span class='ocrx_word' id='word_1_190' title='bbox 1109 2180 1207 2242; x_wconf 88' lang='lat' dir='ltr'>quon-</span> 
     </span>
     <span class='ocr_line' id='line_1_22' title="bbox 163 2244 1206 2326; baseline 0.003 -19"><span class='ocrx_word' id='word_1_191' title='bbox 163 2245 173 2276; x_wconf 95' lang='lat'>‘</span> <span class='ocrx_word' id='word_1_192' title='bbox 189 2245 260 2307; x_wconf 83' lang='lat' dir='ltr'>dem</span> <span class='ocrx_word' id='word_1_193' title='bbox 276 2263 373 2307; x_wconf 88' lang='lat' dir='ltr'>annos</span> <span class='ocrx_word' id='word_1_194' title='bbox 386 2246 458 2307; x_wconf 90' lang='lat' dir='ltr'>urbs</span> <span class='ocrx_word' id='word_1_195' title='bbox 471 2245 649 2326; x_wconf 74' lang='lat' dir='ltr'>obpugnata</span> <span class='ocrx_word' id='word_1_196' title='bbox 664 2254 712 2307; x_wconf 87' lang='lat' dir='ltr'>est</span> <span class='ocrx_word' id='word_1_197' title='bbox 725 2244 766 2305; x_wconf 92' lang='lat' dir='ltr'>ob</span> <span class='ocrx_word' id='word_1_198' title='bbox 791 2262 887 2305; x_wconf 84' lang='lat' dir='ltr'>unam</span> <span class='ocrx_word' id='word_1_199' title='bbox 906 2244 1063 2307; x_wconf 64' lang='lat' dir='ltr'>ruulimem</span> <span class='ocrx_word' id='word_1_200' title='bbox 1084 2247 1123 2309; x_wconf 85' lang='lat' dir='ltr'>ab</span> <span class='ocrx_word' id='word_1_201' title='bbox 1137 2249 1206 2310; x_wconf 89' lang='lat' dir='ltr'>uni-</span> 
     </span>
     <span class='ocr_line' id='line_1_23' title="bbox 162 2329 1208 2414; baseline 0.006 -23"><span class='ocrx_word' id='word_1_202' title='bbox 162 2331 273 2393; x_wconf 82' lang='lat' dir='ltr'>‘vcrsa</span> <span class='ocrx_word' id='word_1_203' title='bbox 292 2330 430 2393; x_wconf 78' lang='lat' dir='ltr'>Gracia:</span> <span class='ocrx_word' id='word_1_204' title='bbox 456 2350 546 2412; x_wconf 87' lang='lat' dir='ltr'>quam</span> <span class='ocrx_word' id='word_1_205' title='bbox 571 2329 676 2411; x_wconf 88' lang='lat' dir='ltr'>procul</span> <span class='ocrx_word' id='word_1_206' title='bbox 702 2331 741 2391; x_wconf 89' lang='lat' dir='ltr'>ab</span> <span class='ocrx_word' id='word_1_207' title='bbox 768 2329 882 2392; x_wconf 81' lang='lat' dir='ltr'>domo?</span> <span class='ocrx_word' id='word_1_208' title='bbox 906 2340 983 2412; x_wconf 86' lang='lat' dir='ltr'>quot</span> <span class='ocrx_word' id='word_1_209' title='bbox 1006 2342 1111 2411; x_wconf 82' lang='lat' dir='ltr'>terras,</span> <span class='ocrx_word' id='word_1_210' title='bbox 1131 2346 1208 2414; x_wconf 88' lang='lat' dir='ltr'>quot</span> 
     </span>
     <span class='ocr_line' id='line_1_24' title="bbox 162 2414 1206 2501; baseline -0.002 -23"><span class='ocrx_word' id='word_1_211' title='bbox 162 2416 174 2449; x_wconf 73' lang='lat'><em>⁴</em></span> <span class='ocrx_word' id='word_1_212' title='bbox 188 2418 285 2480; x_wconf 84' lang='lat' dir='ltr'>maria</span> <span class='ocrx_word' id='word_1_213' title='bbox 299 2416 439 2479; x_wconf 74' lang='lat' dir='ltr'>distans?</span> <span class='ocrx_word' id='word_1_214' title='bbox 474 2414 539 2478; x_wconf 90' lang='lat' dir='ltr'>Nos</span> <span class='ocrx_word' id='word_1_215' title='bbox 554 2416 636 2479; x_wconf 87' lang='lat' dir='ltr'>intra</span> <span class='ocrx_word' id='word_1_216' title='bbox 646 2415 821 2477; x_wconf 83' lang='lat' dir='ltr'>vicesimum</span> <span class='ocrx_word' id='word_1_217' title='bbox 837 2415 1028 2498; x_wconf 76' lang='lat' dir='ltr'>lapidem,in</span> <span class='ocrx_word' id='word_1_218' title='bbox 1039 2430 1206 2501; x_wconf 74' lang='lat' dir='ltr'>conspectu</span> 
     </span>
     <span class='ocr_line' id='line_1_25' title="bbox 162 2502 1205 2587; baseline 0 -21"><span class='ocrx_word' id='word_1_219' title='bbox 162 2505 173 2536; x_wconf 89' lang='lat'>‘</span> <span class='ocrx_word' id='word_1_220' title='bbox 187 2524 280 2587; x_wconf 86' lang='lat' dir='ltr'>prope</span> <span class='ocrx_word' id='word_1_221' title='bbox 295 2504 377 2566; x_wconf 88' lang='lat' dir='ltr'>urbis</span> <span class='ocrx_word' id='word_1_222' title='bbox 391 2513 511 2581; x_wconf 79' lang='lat' dir='ltr'>nostre,</span> <span class='ocrx_word' id='word_1_223' title='bbox 526 2518 658 2563; x_wconf 77' lang='lat' dir='ltr'>manuam</span> <span class='ocrx_word' id='word_1_224' title='bbox 674 2502 935 2583; x_wconf 79' lang='lat' dir='ltr'>obpugnationem</span> <span class='ocrx_word' id='word_1_225' title='bbox 952 2502 1084 2583; x_wconf 78' lang='lat' dir='ltr'>preferre</span> <span class='ocrx_word' id='word_1_226' title='bbox 1099 2506 1205 2585; x_wconf 82' lang='lat' dir='ltr'>piget:</span> 
     </span>
     <span class='ocr_line' id='line_1_26' title="bbox 162 2582 1204 2672; baseline 0 -20"><span class='ocrx_word' id='word_1_227' title='bbox 162 2589 172 2622; x_wconf 92' lang='lat'>‘</span> <span class='ocrx_word' id='word_1_228' title='bbox 187 2590 313 2668; x_wconf 88' lang='lat' dir='ltr'>scilicet,</span> <span class='ocrx_word' id='word_1_229' title='bbox 329 2590 401 2672; x_wconf 90' lang='lat' dir='ltr'>quia</span> <span class='ocrx_word' id='word_1_230' title='bbox 415 2589 487 2652; x_wconf 87' lang='lat' dir='ltr'>levis</span> <span class='ocrx_word' id='word_1_231' title='bbox 502 2608 610 2650; x_wconf 88' lang='lat' dir='ltr'>caussa</span> <span class='ocrx_word' id='word_1_232' title='bbox 628 2582 699 2648; x_wconf 89' lang='lat' dir='ltr'>belli</span> <span class='ocrx_word' id='word_1_233' title='bbox 715 2601 773 2665; x_wconf 84' lang='lat' dir='ltr'>est,</span> <span class='ocrx_word' id='word_1_234' title='bbox 787 2605 844 2650; x_wconf 88' lang='lat' dir='ltr'>uec</span> <span class='ocrx_word' id='word_1_235' title='bbox 859 2586 933 2649; x_wconf 72' lang='lat' dir='ltr'>sans</span> <span class='ocrx_word' id='word_1_236' title='bbox 948 2588 1114 2669; x_wconf 86' lang='lat' dir='ltr'>quidquam</span> <span class='ocrx_word' id='word_1_237' title='bbox 1127 2587 1204 2670; x_wconf 89' lang='lat' dir='ltr'>justi</span> 
     </span>
     <span class='ocr_line' id='line_1_27' title="bbox 160 2673 1205 2759; baseline -0.001 -20"><span class='ocrx_word' id='word_1_238' title='bbox 160 2676 297 2740; x_wconf 87' lang='lat' dir='ltr'>‘doloris</span> <span class='ocrx_word' id='word_1_239' title='bbox 311 2687 369 2754; x_wconf 86' lang='lat' dir='ltr'>cst,</span> <span class='ocrx_word' id='word_1_240' title='bbox 389 2675 470 2756; x_wconf 92' lang='lat' dir='ltr'>quod</span> <span class='ocrx_word' id='word_1_241' title='bbox 486 2695 541 2735; x_wconf 91' lang='lat' dir='ltr'>nos</span> <span class='ocrx_word' id='word_1_242' title='bbox 557 2673 596 2736; x_wconf 89' lang='lat' dir='ltr'>ad</span> <span class='ocrx_word' id='word_1_243' title='bbox 610 2674 861 2754; x_wconf 83' lang='lat' dir='ltr'>perseverandum</span> <span class='ocrx_word' id='word_1_244' title='bbox 875 2673 1022 2736; x_wconf 86' lang='lat' dir='ltr'>stimulet.</span> <span class='ocrx_word' id='word_1_245' title='bbox 1066 2673 1205 2759; x_wconf 71' lang='lat' dir='ltr'>⁰Septies</span> 
     </span>
     <span class='ocr_line' id='line_1_28' title="bbox 159 2757 1204 2843; baseline -0.001 -17"><span class='ocrx_word' id='word_1_246' title='bbox 159 2762 376 2840; x_wconf 88' lang='lat' dir='ltr'>‘rebellemnt‚</span> <span class='ocrx_word' id='word_1_247' title='bbox 400 2762 463 2822; x_wconf 81' lang='lat' dir='ltr'>¹⁰in</span> <span class='ocrx_word' id='word_1_248' title='bbox 481 2777 557 2843; x_wconf 87' lang='lat' dir='ltr'>pace</span> <span class='ocrx_word' id='word_1_249' title='bbox 575 2779 741 2840; x_wconf 82' lang='lat' dir='ltr'>numquam</span> <span class='ocrx_word' id='word_1_250' title='bbox 757 2757 838 2821; x_wconf 77' lang='lat' dir='ltr'>fulalt</span> <span class='ocrx_word' id='word_1_251' title='bbox 862 2759 1003 2822; x_wconf 83' lang='lat' dir='ltr'>fuerunt:</span> <span class='ocrx_word' id='word_1_252' title='bbox 1027 2780 1118 2842; x_wconf 86' lang='lat' dir='ltr'>agros</span> <span class='ocrx_word' id='word_1_253' title='bbox 1131 2781 1204 2825; x_wconf 88' lang='lat' dir='ltr'>uos·</span> 
     </span>
     <span class='ocr_line' id='line_1_29' title="bbox 159 2843 1204 2930; baseline 0 -20"><span class='ocrx_word' id='word_1_254' title='bbox 159 2849 247 2912; x_wconf 88' lang='lat' dir='ltr'>‘tros</span> <span class='ocrx_word' id='word_1_255' title='bbox 269 2843 378 2911; x_wconf 87' lang='lat' dir='ltr'>millies</span> <span class='ocrx_word' id='word_1_256' title='bbox 401 2846 580 2930; x_wconf 87' lang='lat' dir='ltr'>depopulati</span> <span class='ocrx_word' id='word_1_257' title='bbox 603 2856 693 2907; x_wconf 72' lang='lat' dir='ltr'>eunte</span> <span class='ocrx_word' id='word_1_258' title='bbox 723 2844 886 2907; x_wconf 78' lang='lat' dir='ltr'>Fidenates</span> <span class='ocrx_word' id='word_1_259' title='bbox 915 2845 1044 2908; x_wconf 86' lang='lat' dir='ltr'>delicere</span> <span class='ocrx_word' id='word_1_260' title='bbox 1073 2865 1094 2908; x_wconf 85' lang='lat' dir='ltr'>a</span> <span class='ocrx_word' id='word_1_261' title='bbox 1116 2849 1204 2910; x_wconf 86' lang='lat' dir='ltr'>uobis</span> 
     </span>
     <span class='ocr_line' id='line_1_30' title="bbox 158 2930 1204 3017; baseline -0.001 -21"><span class='ocrx_word' id='word_1_262' title='bbox 158 2935 169 2969; x_wconf 91' lang='lat'>‘</span> <span class='ocrx_word' id='word_1_263' title='bbox 184 2945 367 3017; x_wconf 77' lang='lat' dir='ltr'>cocgcmntc</span> <span class='ocrx_word' id='word_1_264' title='bbox 383 2934 509 2996; x_wconf 91' lang='lat' dir='ltr'>colonos</span> <span class='ocrx_word' id='word_1_265' title='bbox 524 2944 645 2994; x_wconf 88' lang='lat' dir='ltr'>nostros</span> <span class='ocrx_word' id='word_1_266' title='bbox 660 2931 701 2992; x_wconf 91' lang='lat' dir='ltr'>ibi</span> <span class='ocrx_word' id='word_1_267' title='bbox 717 2930 951 2992; x_wconf 79' lang='lat' dir='ltr'>interfecerunt:</span> <span class='ocrx_word' id='word_1_268' title='bbox 967 2944 1108 2995; x_wconf 86' lang='lat' dir='ltr'>auctores</span> <span class='ocrx_word' id='word_1_269' title='bbox 1121 2933 1204 2995; x_wconf 87' lang='lat' dir='ltr'>l&#39;ucre</span> 
     </span>
     <span class='ocr_line' id='line_1_31' title="bbox 158 3017 1202 3104; baseline -0.004 -21"><span class='ocrx_word' id='word_1_270' title='bbox 158 3022 169 3054; x_wconf 91' lang='lat'>‘</span> <span class='ocrx_word' id='word_1_271' title='bbox 185 3034 292 3083; x_wconf 86' lang='lat' dir='ltr'>contre</span> <span class='ocrx_word' id='word_1_272' title='bbox 301 3021 352 3103; x_wconf 89' lang='lat' dir='ltr'>jus</span> <span class='ocrx_word' id='word_1_273' title='bbox 363 3021 499 3104; x_wconf 85' lang='lat' dir='ltr'>gentium</span> <span class='ocrx_word' id='word_1_274' title='bbox 516 3017 607 3080; x_wconf 79' lang='lat' dir='ltr'>cadis</span> <span class='ocrx_word' id='word_1_275' title='bbox 621 3017 711 3098; x_wconf 74' lang='lat' dir='ltr'>inple</span> <span class='ocrx_word' id='word_1_276' title='bbox 724 3017 893 3097; x_wconf 87' lang='lat' dir='ltr'>legatomm</span> <span class='ocrx_word' id='word_1_277' title='bbox 905 3028 1094 3078; x_wconf 77' lang='lat' dir='ltr'>nostrorumc</span> <span class='ocrx_word' id='word_1_278' title='bbox 1111 3017 1202 3080; x_wconf 79' lang='lat' dir='ltr'>Etru-</span> 
     </span>
     <span class='ocr_line' id='line_1_32' title="bbox 158 3100 1204 3182; baseline -0.001 -16"><span class='ocrx_word' id='word_1_279' title='bbox 158 3108 169 3139; x_wconf 90' lang='lat'>‘</span> <span class='ocrx_word' id='word_1_280' title='bbox 184 3107 260 3168; x_wconf 86' lang='lat' dir='ltr'>riam</span> <span class='ocrx_word' id='word_1_281' title='bbox 275 3124 398 3168; x_wconf 87' lang='lat' dir='ltr'>omnem</span> <span class='ocrx_word' id='word_1_282' title='bbox 414 3105 555 3165; x_wconf 84' lang='lat' dir='ltr'>adversus</span> <span class='ocrx_word' id='word_1_283' title='bbox 571 3123 625 3162; x_wconf 91' lang='lat' dir='ltr'>nos</span> <span class='ocrx_word' id='word_1_284' title='bbox 641 3101 797 3163; x_wconf 87' lang='lat' dir='ltr'>concitare</span> <span class='ocrx_word' id='word_1_285' title='bbox 816 3100 985 3177; x_wconf 81' lang='lat' dir='ltr'>volucrunt,</span> <span class='ocrx_word' id='word_1_286' title='bbox 1004 3102 1156 3182; x_wconf 82' lang='lat' dir='ltr'>hodieque</span> <span class='ocrx_word' id='word_1_287' title='bbox 1170 3104 1204 3165; x_wconf 93' lang='lat' dir='ltr'>id</span> 
     </span>
     <span class='ocr_line' id='line_1_33' title="bbox 160 3186 1203 3270; baseline -0.009 -16"><span class='ocrx_word' id='word_1_288' title='bbox 160 3192 371 3254; x_wconf 79' lang='lat' dir='ltr'>‘moliunturr</span> <span class='ocrx_word' id='word_1_289' title='bbox 403 3209 449 3251; x_wconf 90' lang='lat' dir='ltr'>res</span> <span class='ocrx_word' id='word_1_290' title='bbox 478 3197 649 3269; x_wconf 88' lang='lat' dir='ltr'>repetentes</span> <span class='ocrx_word' id='word_1_291' title='bbox 679 3187 797 3265; x_wconf 77' lang='lat' dir='ltr'>legatos</span> <span class='ocrx_word' id='word_1_292' title='bbox 821 3197 953 3262; x_wconf 86' lang='lat' dir='ltr'>nostros,</span> <span class='ocrx_word' id='word_1_293' title='bbox 984 3186 1068 3247; x_wconf 88' lang='lat' dir='ltr'>haud</span> <span class='ocrx_word' id='word_1_294' title='bbox 1096 3189 1203 3270; x_wconf 85' lang='lat' dir='ltr'>procul</span> 
     </span>
     <span class='ocr_line' id='line_1_34' title="bbox 160 3271 554 3358; baseline -0.018 -19"><span class='ocrx_word' id='word_1_295' title='bbox 160 3279 171 3312; x_wconf 89' lang='lat'>‘</span> <span class='ocrx_word' id='word_1_296' title='bbox 186 3276 285 3356; x_wconf 82' lang='lat' dir='ltr'>afuit¹‚</span> <span class='ocrx_word' id='word_1_297' title='bbox 299 3277 373 3358; x_wconf 90' lang='lat' dir='ltr'>quin</span> <span class='ocrx_word' id='word_1_298' title='bbox 387 3271 554 3336; x_wconf 69' lang='lat' dir='ltr'>violarent!</span> 
     </span>
     <span class='ocr_line' id='line_1_35' title="bbox 202 3345 1201 3439; baseline -0.009 -14"><span class='ocrx_word' id='word_1_299' title='bbox 202 3361 240 3425; x_wconf 87' lang='lat' dir='ltr'>V.</span> <span class='ocrx_word' id='word_1_300' title='bbox 263 3345 367 3425; x_wconf 77' lang='lat' dir='ltr'>‘Cum</span> <span class='ocrx_word' id='word_1_301' title='bbox 382 3360 429 3422; x_wconf 86' lang='lat' dir='ltr'>his</span> <span class='ocrx_word' id='word_1_302' title='bbox 446 3358 576 3420; x_wconf 90' lang='lat' dir='ltr'>molliter</span> <span class='ocrx_word' id='word_1_303' title='bbox 586 3365 618 3418; x_wconf 87' lang='lat' dir='ltr'>ct</span> <span class='ocrx_word' id='word_1_304' title='bbox 628 3375 683 3438; x_wconf 89' lang='lat' dir='ltr'>per</span> <span class='ocrx_word' id='word_1_305' title='bbox 693 3354 854 3417; x_wconf 87' lang='lat' dir='ltr'>dilationes</span> <span class='ocrx_word' id='word_1_306' title='bbox 862 3355 976 3417; x_wconf 89' lang='lat' dir='ltr'>bellum</span> <span class='ocrx_word' id='word_1_307' title='bbox 985 3357 1051 3437; x_wconf 83' lang='lat' dir='ltr'>geri</span> <span class='ocrx_word' id='word_1_308' title='bbox 1060 3358 1201 3439; x_wconf 74' lang='lat' dir='ltr'>oportet?</span> 
     </span>
     <span class='ocr_line' id='line_1_36' title="bbox 158 3439 1203 3529; baseline -0.005 -16"><span class='ocrx_word' id='word_1_309' title='bbox 158 3453 170 3485; x_wconf 89' lang='lat'>‘</span> <span class='ocrx_word' id='word_1_310' title='bbox 185 3448 219 3512; x_wconf 89' lang='lat' dir='ltr'>Si</span> <span class='ocrx_word' id='word_1_311' title='bbox 233 3471 290 3512; x_wconf 89' lang='lat' dir='ltr'>nos</span> <span class='ocrx_word' id='word_1_312' title='bbox 305 3459 371 3511; x_wconf 85' lang='lat' dir='ltr'>tam</span> <span class='ocrx_word' id='word_1_313' title='bbox 382 3445 499 3529; x_wconf 85' lang='lat' dir='ltr'>justum</span> <span class='ocrx_word' id='word_1_314' title='bbox 516 3444 619 3506; x_wconf 92' lang='lat' dir='ltr'>odium</span> <span class='ocrx_word' id='word_1_315' title='bbox 633 3439 709 3502; x_wconf 88' lang='lat' dir='ltr'>nihil</span> <span class='ocrx_word' id='word_1_316' title='bbox 729 3451 841 3520; x_wconf 67' lang='lat' dir='ltr'>mota,</span> <span class='ocrx_word' id='word_1_317' title='bbox 864 3461 904 3504; x_wconf 87' lang='lat' dir='ltr'>ne</span> <span class='ocrx_word' id='word_1_318' title='bbox 925 3441 979 3504; x_wconf 89' lang='lat' dir='ltr'>illa</span> <span class='ocrx_word' id='word_1_319' title='bbox 999 3442 1133 3524; x_wconf 84' lang='lat' dir='ltr'>quidem,</span> <span class='ocrx_word' id='word_1_320' title='bbox 1147 3463 1203 3508; x_wconf 90' lang='lat' dir='ltr'>oro</span> 
     </span>
     <span class='ocr_line' id='line_1_37' title="bbox 159 3527 1201 3616; baseline -0.004 -18"><span class='ocrx_word' id='word_1_321' title='bbox 159 3539 248 3616; x_wconf 88' lang='lat' dir='ltr'>‘vos,</span> <span class='ocrx_word' id='word_1_322' title='bbox 270 3533 413 3598; x_wconf 81' lang='lat' dir='ltr'>movent?</span> <span class='ocrx_word' id='word_1_323' title='bbox 442 3531 591 3614; x_wconf 89' lang='lat' dir='ltr'>Operibus</span> <span class='ocrx_word' id='word_1_324' title='bbox 614 3527 785 3609; x_wconf 80' lang='lat' dir='ltr'>ingentibus</span> <span class='ocrx_word' id='word_1_325' title='bbox 806 3539 895 3610; x_wconf 82' lang='lat' dir='ltr'>septa</span> <span class='ocrx_word' id='word_1_326' title='bbox 915 3529 987 3591; x_wconf 87' lang='lat' dir='ltr'>urbs</span> <span class='ocrx_word' id='word_1_327' title='bbox 1007 3541 1066 3608; x_wconf 87' lang='lat' dir='ltr'>est,</span> <span class='ocrx_word' id='word_1_328' title='bbox 1093 3531 1201 3612; x_wconf 86' lang='lat' dir='ltr'>quibas</span> 
     </span>
     <span class='ocr_line' id='line_1_38' title="bbox 159 3615 1201 3696; baseline -0.004 -12"><span class='ocrx_word' id='word_1_329' title='bbox 159 3625 169 3657; x_wconf 93' lang='lat'>‘</span> <span class='ocrx_word' id='word_1_330' title='bbox 184 3623 265 3686; x_wconf 83' lang='lat' dir='ltr'>intra</span> <span class='ocrx_word' id='word_1_331' title='bbox 276 3641 379 3685; x_wconf 87' lang='lat' dir='ltr'>muros</span> <span class='ocrx_word' id='word_1_332' title='bbox 389 3627 545 3682; x_wconf 76' lang='lat' dir='ltr'>cotrcetur</span> <span class='ocrx_word' id='word_1_333' title='bbox 556 3616 662 3677; x_wconf 89' lang='lat' dir='ltr'>hostis.</span> <span class='ocrx_word' id='word_1_334' title='bbox 672 3633 776 3696; x_wconf 82' lang='lat' dir='ltr'>egnum</span> <span class='ocrx_word' id='word_1_335' title='bbox 788 3633 851 3676; x_wconf 88' lang='lat' dir='ltr'>non</span> <span class='ocrx_word' id='word_1_336' title='bbox 862 3615 967 3694; x_wconf 89' lang='lat' dir='ltr'>coluit,</span> <span class='ocrx_word' id='word_1_337' title='bbox 981 3626 1015 3679; x_wconf 87' lang='lat' dir='ltr'>et</span> <span class='ocrx_word' id='word_1_338' title='bbox 1024 3617 1201 3680; x_wconf 60' lang='lat' dir='ltr'>mltseraa</span> 
     </span>
     <span class='ocr_line' id='line_1_39' title="bbox 157 3699 1201 3788; baseline -0.009 -15"><span class='ocrx_word' id='word_1_339' title='bbox 157 3710 249 3773; x_wconf 83' lang='lat' dir='ltr'>‘tata</span> <span class='ocrx_word' id='word_1_340' title='bbox 274 3721 345 3772; x_wconf 89' lang='lat' dir='ltr'>sunt</span> <span class='ocrx_word' id='word_1_341' title='bbox 372 3705 462 3769; x_wconf 93' lang='lat' dir='ltr'>bello.</span> <span class='ocrx_word' id='word_1_342' title='bbox 506 3701 551 3788; x_wconf 69' lang='lat' dir='ltr'>st</span> <span class='ocrx_word' id='word_1_343' title='bbox 570 3699 740 3764; x_wconf 86' lang='lat' dir='ltr'>reducimus</span> <span class='ocrx_word' id='word_1_344' title='bbox 765 3701 943 3780; x_wconf 77' lang='lat' dir='ltr'>ertcrcitum,</span> <span class='ocrx_word' id='word_1_345' title='bbox 964 3702 1032 3784; x_wconf 90' lang='lat' dir='ltr'>quis</span> <span class='ocrx_word' id='word_1_346' title='bbox 1060 3714 1120 3781; x_wconf 88' lang='lat' dir='ltr'>est,</span> <span class='ocrx_word' id='word_1_347' title='bbox 1148 3704 1201 3784; x_wconf 87' lang='lat' dir='ltr'>qui</span> 
     </span>
     <span class='ocr_line' id='line_1_40' title="bbox 158 3786 1201 3874; baseline -0.008 -15"><span class='ocrx_word' id='word_1_348' title='bbox 158 3798 169 3830; x_wconf 90' lang='lat'>‘</span> <span class='ocrx_word' id='word_1_349' title='bbox 184 3795 314 3874; x_wconf 88' lang='lat' dir='ltr'>dubitet,</span> <span class='ocrx_word' id='word_1_350' title='bbox 328 3794 407 3872; x_wconf 90' lang='lat' dir='ltr'>illos,</span> <span class='ocrx_word' id='word_1_351' title='bbox 422 3811 485 3853; x_wconf 92' lang='lat' dir='ltr'>non</span> <span class='ocrx_word' id='word_1_352' title='bbox 509 3811 528 3852; x_wconf 88' lang='lat' dir='ltr'>a</span> <span class='ocrx_word' id='word_1_353' title='bbox 548 3786 715 3871; x_wconf 84' lang='lat' dir='ltr'>cupiditate</span> <span class='ocrx_word' id='word_1_354' title='bbox 729 3787 828 3849; x_wconf 90' lang='lat' dir='ltr'>solum</span> <span class='ocrx_word' id='word_1_355' title='bbox 847 3788 1024 3865; x_wconf 86' lang='lat' dir='ltr'>ulciscendi,</span> <span class='ocrx_word' id='word_1_356' title='bbox 1037 3788 1093 3850; x_wconf 87' lang='lat' dir='ltr'>sed</span> <span class='ocrx_word' id='word_1_357' title='bbox 1107 3789 1201 3851; x_wconf 82' lang='lat' dir='ltr'>ctiam</span> 
     </span>
     <span class='ocr_line' id='line_1_41' title="bbox 157 3873 1200 3961; baseline -0.008 -17"><span class='ocrx_word' id='word_1_358' title='bbox 157 3885 168 3918; x_wconf 88' lang='lat'>‘</span> <span class='ocrx_word' id='word_1_359' title='bbox 183 3883 365 3946; x_wconf 87' lang='lat' dir='ltr'>necessitate</span> <span class='ocrx_word' id='word_1_360' title='bbox 376 3878 510 3961; x_wconf 89' lang='lat' dir='ltr'>inposita</span> <span class='ocrx_word' id='word_1_361' title='bbox 524 3895 562 3937; x_wconf 85' lang='lat' dir='ltr'>ex</span> <span class='ocrx_word' id='word_1_362' title='bbox 574 3875 674 3936; x_wconf 89' lang='lat' dir='ltr'>alieno</span> <span class='ocrx_word' id='word_1_363' title='bbox 689 3873 855 3956; x_wconf 74' lang='lat' dir='ltr'>predandi,</span> <span class='ocrx_word' id='word_1_364' title='bbox 863 3891 956 3955; x_wconf 88' lang='lat' dir='ltr'>quuru</span> <span class='ocrx_word' id='word_1_365' title='bbox 966 3891 1023 3934; x_wconf 85' lang='lat' dir='ltr'>sua</span> <span class='ocrx_word' id='word_1_366' title='bbox 1033 3873 1200 3953; x_wconf 70' lang='lat' dir='ltr'>amberiot,</span> 
     </span>
     <span class='ocr_line' id='line_1_42' title="bbox 156 3958 1200 4053; baseline -0.01 -21"><span class='ocrx_word' id='word_1_367' title='bbox 156 3974 167 4006; x_wconf 90' lang='lat'>‘</span> <span class='ocrx_word' id='word_1_368' title='bbox 183 3990 288 4053; x_wconf 86' lang='lat' dir='ltr'>agrum</span> <span class='ocrx_word' id='word_1_369' title='bbox 299 3979 437 4030; x_wconf 87' lang='lat' dir='ltr'>nostmm</span> <span class='ocrx_word' id='word_1_370' title='bbox 452 3961 627 4025; x_wconf 79' lang='lat' dir='ltr'>invasuros?</span> <span class='ocrx_word' id='word_1_371' title='bbox 652 3979 714 4022; x_wconf 89' lang='lat' dir='ltr'>non</span> <span class='ocrx_word' id='word_1_372' title='bbox 727 3959 895 4022; x_wconf 68' lang='lat' dir='ltr'>differimus</span> <span class='ocrx_word' id='word_1_373' title='bbox 910 3960 1004 4042; x_wconf 89' lang='lat' dir='ltr'>igitur</span> <span class='ocrx_word' id='word_1_374' title='bbox 1017 3958 1130 4022; x_wconf 87' lang='lat' dir='ltr'>bellum</span> <span class='ocrx_word' id='word_1_375' title='bbox 1139 3960 1200 4022; x_wconf 86' lang='lat' dir='ltr'>isto</span> 
     </span>
     <span class='ocr_line' id='line_1_43' title="bbox 157 4043 1200 4132; baseline -0.01 -14"><span class='ocrx_word' id='word_1_376' title='bbox 157 4058 309 4120; x_wconf 88' lang='lat' dir='ltr'>‘consilio</span> <span class='ocrx_word' id='word_1_377' title='bbox 340 4043 395 4116; x_wconf 80' lang='lat' dir='ltr'>sed</span> <span class='ocrx_word' id='word_1_378' title='bbox 421 4051 499 4132; x_wconf 70' lang='lat' dir='ltr'>inira</span> <span class='ocrx_word' id='word_1_379' title='bbox 522 4049 597 4114; x_wconf 84' lang='lat' dir='ltr'>fines</span> <span class='ocrx_word' id='word_1_380' title='bbox 623 4055 750 4109; x_wconf 77' lang='lat' dir='ltr'>nostros</span> <span class='ocrx_word' id='word_1_381' title='bbox 766 4045 942 4130; x_wconf 87' lang='lat' dir='ltr'>accipimus.</span> <span class='ocrx_word' id='word_1_382' title='bbox 986 4043 1090 4114; x_wconf 81' lang='lat' dir='ltr'>Quid?</span> <span class='ocrx_word' id='word_1_383' title='bbox 1114 4045 1200 4125; x_wconf 90' lang='lat' dir='ltr'>illud,</span> 
     </span>
     <span class='ocr_line' id='line_1_44' title="bbox 157 4101 1228 4227; baseline -0.006 -27"><span class='ocrx_word' id='word_1_384' title='bbox 157 4145 263 4227; x_wconf 81' lang='lat' dir='ltr'>‘quod</span> <span class='ocrx_word' id='word_1_385' title='bbox 275 4101 396 4227; x_wconf 69' lang='lat' dir='ltr'>pr&#39;opeie</span> <span class='ocrx_word' id='word_1_386' title='bbox 414 4138 453 4200; x_wconf 91' lang='lat' dir='ltr'>ad</span> <span class='ocrx_word' id='word_1_387' title='bbox 475 4133 587 4198; x_wconf 86' lang='lat' dir='ltr'>milites</span> <span class='ocrx_word' id='word_1_388' title='bbox 605 4133 749 4218; x_wconf 85' lang='lat' dir='ltr'>pertinet,</span> <span class='ocrx_word' id='word_1_389' title='bbox 768 4129 875 4216; x_wconf 89' lang='lat' dir='ltr'>quibus</span> <span class='ocrx_word' id='word_1_390' title='bbox 890 4129 963 4195; x_wconf 89' lang='lat' dir='ltr'>boni</span> <span class='ocrx_word' id='word_1_391' title='bbox 974 4127 1087 4194; x_wconf 88' lang='lat' dir='ltr'>tribuni</span> <span class='ocrx_word' id='word_1_392' title='bbox 1101 4127 1198 4214; x_wconf 85' lang='lat' dir='ltr'>piebis</span> <span class='ocrx_word' id='word_1_393' title='bbox 1225 4215 1228 4219; x_wconf 9' lang='grc' dir='ltr'><strong><em>ἶ</em></strong></span> 
     </span>
     <span class='ocr_line' id='line_1_45' title="bbox 189 4245 1197 4307; baseline -0.003 -5"><span class='ocrx_word' id='word_1_394' title='bbox 189 4257 381 4307; x_wconf 72' lang='lat' dir='ltr'>smilloaeGton.</span> <span class='ocrx_word' id='word_1_395' title='bbox 467 4247 669 4301; x_wconf 67' lang='lat' dir='ltr'>tumbam</span> <span class='ocrx_word' id='word_1_396' title='bbox 680 4249 748 4298; x_wconf 82' lang='lat' dir='ltr'>crer·</span> <span class='ocrx_word' id='word_1_397' title='bbox 841 4246 906 4304; x_wconf 63' lang='lat' dir='ltr'>lu,</span> <span class='ocrx_word' id='word_1_398' title='bbox 916 4245 1197 4303; x_wconf 61' lang='lat' dir='ltr'>limantium.</span> 
     </span>
     <span class='ocr_line' id='line_1_46' title="bbox 156 4307 1097 4391; baseline -0.014 -18"><span class='ocrx_word' id='word_1_399' title='bbox 156 4325 252 4391; x_wconf 77' lang='lat' dir='ltr'>dignitas</span> <span class='ocrx_word' id='word_1_400' title='bbox 261 4319 408 4372; x_wconf 58' lang='lat' dir='ltr'>maffeio.</span> <span class='ocrx_word' id='word_1_401' title='bbox 471 4312 534 4380; x_wconf 64' lang='lat' dir='ltr'>&#39;fidi</span> <span class='ocrx_word' id='word_1_402' title='bbox 544 4319 619 4366; x_wconf 78' lang='lat' dir='ltr'>Gran.</span> <span class='ocrx_word' id='word_1_403' title='bbox 631 4315 701 4365; x_wconf 78' lang='lat' dir='ltr'>Crat.</span> <span class='ocrx_word' id='word_1_404' title='bbox 713 4314 776 4378; x_wconf 78' lang='lat' dir='ltr'>nup.</span> <span class='ocrx_word' id='word_1_405' title='bbox 842 4307 1018 4379; x_wconf 62' lang='lat' dir='ltr'>&#39;adscitam</span> <span class='ocrx_word' id='word_1_406' title='bbox 1029 4309 1097 4361; x_wconf 64' lang='grc' dir='ltr'><strong>(ἔην.</strong></span> 
     </span>
    </p>
   </div>
   <div class='ocr_carea' id='block_1_4' title="bbox 188 4401 1196 4540">
    <p class='ocr_par' dir='ltr' id='par_1_4' title="bbox 188 4401 1196 4540">
     <span class='ocr_line' id='line_1_47' title="bbox 188 4401 1196 4482; baseline 0.002 -30"><span class='ocrx_word' id='word_1_407' title='bbox 188 4405 659 4476; x_wconf 58' lang='grc' dir='ltr'>οεῃὴγὼιιιαω]ᾘ.ηρῐιιν.32.</span> <span class='ocrx_word' id='word_1_408' title='bbox 693 4403 789 4482; x_wconf 74' lang='lat' dir='ltr'>Aliquot</span> <span class='ocrx_word' id='word_1_409' title='bbox 799 4401 876 4467; x_wconf 80' lang='lat' dir='ltr'>scipti</span> <span class='ocrx_word' id='word_1_410' title='bbox 886 4418 900 4452; x_wconf 90' lang='lat' dir='ltr'>e</span> <span class='ocrx_word' id='word_1_411' title='bbox 912 4401 1073 4467; x_wconf 65' lang='lat' dir='ltr'>Gemina,</span> <span class='ocrx_word' id='word_1_412' title='bbox 1088 4409 1114 4453; x_wconf 79' lang='lat' dir='ltr'>ct</span> <span class='ocrx_word' id='word_1_413' title='bbox 1125 4402 1196 4454; x_wconf 83' lang='lat' dir='ltr'>duos</span> 
     </span>
     <span class='ocr_line' id='line_1_48' title="bbox 193 4465 944 4540; baseline -0.012 1"><span class='ocrx_word' id='word_1_414' title='bbox 193 4479 215 4513; x_wconf 90' lang='lat'>¹⁰</span> <span class='ocrx_word' id='word_1_415' title='bbox 238 4475 269 4526; x_wconf 66' lang='lat'>¹0</span> <span class='ocrx_word' id='word_1_416' title='bbox 284 4491 339 4540; x_wconf 74' lang='lat' dir='ltr'>ru·</span> <span class='ocrx_word' id='word_1_417' title='bbox 359 4465 660 4540; x_wconf 60' lang='lat' dir='ltr'>maurusam]</span> <span class='ocrx_word' id='word_1_418' title='bbox 692 4465 944 4533; x_wconf 57' lang='lat' dir='ltr'>mutuata.</span> 
     </span>
    </p>
   </div>
   <div class='ocr_carea' id='block_1_5' title="bbox 0 0 1592 5200">
    <p class='ocr_par' dir='ltr' id='par_1_5' title="bbox 0 0 1592 5200">
     <span class='ocr_line' id='line_1_49' title="bbox 0 0 1592 5200; baseline 0 4"><span class='ocrx_word' id='word_1_419' title='bbox 0 0 1592 5200; x_wconf 95' lang='lat' dir='ltr'> </span> 
     </span>
    </p>
   </div>
  </div>
 </body>
</html>
