3175 5200
555 364 632 427 mu.
653 364 688 427 V.
717 364 802 425 cAP.
821 364 891 427 ΧΠ.
996 368 1002 381 ’
1166 380 1225 435 ³oe

179 522 195 605 .‘
210 534 243 586 et
266 524 418 589 communi
436 522 542 585 fraude
558 522 754 607 patriciorum
772 532 884 585 actam.
906 524 933 562 ³⁸
944 520 995 585 Ab
1020 521 1068 585 bis
1086 535 1119 586 et
1141 524 1224 607 ptius
1236 530 1271 581 U.
1282 530 1381 583 caat.

184 607 195 639 ‘
210 610 315 673 datum
330 612 429 674 locum
439 607 617 673 Veientibus
629 609 669 671 ad
681 608 871 671 incendenda
884 629 989 692 opera,
1003 609 1073 671 belli
1082 611 1223 673 trahendi
1236 599 1268 649 A.
1279 596 1310 649 ⁰·
1319 597 1378 649 ³⁹⁸·

184 693 195 728 ‘
210 716 336 775 caussa3
352 710 385 761 et
398 717 479 760 nunc
493 697 647 779 proditum
658 696 838 773 exercitum,
847 695 960 758 tradita
969 694 1093 758 Faliscis
1108 696 1224 761 Roma·

185 781 195 813 ‘
210 803 251 845 na
262 796 371 847 castra.
407 783 520 845 Omnia
532 782 608 859 lieri,
621 794 657 845 ut
671 794 870 843 consenescat
885 781 926 843 ad
945 778 1038 843 Veios
1058 780 1201 863 juventus
1214 806 1223 845 r

185 867 195 900 ‘
211 890 267 933 nec
283 871 322 933 de
335 871 426 951 agris,
441 890 496 931 nec
512 869 551 933 de
562 870 626 931 aliis
642 867 812 931 commodis
826 867 922 950 plebis
937 866 1015 929 ferre
1029 867 1069 929 ad
1080 870 1226 950 populum

184 952 195 985 ‘
209 957 330 1035 tribuni,
343 956 605 1037 ⁸⁶frequentiaque
616 954 894 1019 urbanacelebrare
905 954 1053 1033 actiones,
1062 966 1095 1017 et
1105 954 1225 1017 resiste·

184 1039 194 1072 ‘
210 1063 240 1103 re
252 1044 470 1126 conspirationi
483 1042 681 1125 patriciorum
696 1040 826 1124 possint.
841 1043 867 1087 ³⁷
877 1039 1089 1121 Prmjudicium
1099 1038 1166 1121 jam
1187 1041 1225 1103 de

184 1125 194 1158 ‘
209 1129 266 1189 reis
281 1142 314 1191 et
323 1131 361 1191 ab
373 1141 490 1207 senatu,
502 1142 535 1190 et
548 1129 587 1189 ab
599 1138 613 1177 ⁸
628 1127 741 1209 populo
756 1125 907 1206 Romano,
922 1138 955 1189 et
963 1127 1003 1187 ab
1018 1127 1152 1209 ipsorum
1161 1127 1225 1189 aol-

183 1209 194 1243 ‘
208 1212 282 1296 legis
293 1216 410 1279 factum
419 1236 494 1278 esse.
506 1235 578 1277 narn
594 1212 900 1275 etsenatuscousulto
914 1233 968 1275 eos
985 1214 1012 1251 ⁸⁸
1019 1214 1059 1275 ab
1074 1213 1227 1295 republica

181 1296 192 1330 ‘
207 1312 340 1365 remotos
353 1322 429 1378 esse,
440 1313 473 1365 et
483 1312 657 1363 recusantes
669 1299 811 1361 abdicare
824 1317 858 1361 se
868 1300 1059 1379 magistratu,
1069 1299 1226 1361 dictatoris

183 1384 193 1415 ‘
208 1400 294 1449 metu
308 1389 347 1449 ab
367 1388 493 1469 collegis
507 1387 656 1450 coercitos
671 1406 735 1447 esse
747 1407 755 1447 t
783 1396 816 1445 et
825 1385 973 1466 populum
985 1384 1160 1447 Romanurn
1170 1384 1225 1447 tri-

183 1468 193 1500 ‘
208 1472 305 1535 bunos
314 1494 442 1549 creasse,
458 1472 509 1552 qui
525 1492 586 1533 non
596 1469 699 1534 Idibus
709 1468 929 1533 Decembribus
943 1470 994 1531 die
1004 1470 1159 1548 sollemni,
1170 1471 1225 1533 sed

183 1553 193 1585 ‘
208 1559 362 1639 extemplo
374 1557 520 1620 Kalendis
531 1556 716 1619 Octobribus
732 1555 945 1635 magistratum
956 1555 1143 1637 acciperent,
1153 1556 1225 1638 quia

183 1640 288 1705 ‘stare
298 1644 411 1706 diutius
431 1643 612 1724 respublica,
628 1641 675 1702 his
690 1639 884 1701 manentibus
899 1640 931 1701 in
944 1640 1135 1721 magistratu,
1161 1661 1224 1705 non

181 1726 320 1811 ‘posset
345 1728 389 1792 Et
410 1739 512 1791 tamen
527 1749 591 1805 eos,
607 1738 656 1790 tot
666 1725 791 1807 judiciis
811 1724 969 1787 confossos
987 1727 1223 1808 praedamnatos·

180 1812 191 1844 ‘
205 1833 274 1894 que,
288 1816 390 1879 venire
404 1815 445 1877 ad
456 1815 560 1897 populi
572 1812 743 1895 judicium3
767 1824 801 1873 et
813 1812 1000 1890 existimare,
1016 1812 1174 1881 defunctos
1190 1835 1223 1875 se

180 1898 192 1931 ‘
206 1920 282 1978 esse,
293 1902 426 1983 satisque
436 1920 594 1983 poenarum
604 1899 734 1975 dedisse,
746 1898 828 1979 quod
843 1898 959 1960 duobus
969 1899 1122 1961 mensibus
1132 1900 1222 1963 citius

180 1984 191 2015 ‘
204 1986 314 2068 privati
326 1988 401 2051 facti
415 1988 493 2051 sinte
509 2006 606 2068 neque
621 1984 802 2066 intelligere,
816 1984 948 2047 nocendi
963 1985 1021 2047 sibi
1032 1985 1145 2047 diutius
1157 1997 1222 2049 nrm

73 2150 75 2153 Ι
179 2068 390 2153 ‘potestatem
405 2084 542 2155 ereptam
562 2092 638 2149 esse,
661 2092 723 2134 non
743 2090 867 2152 poenam
886 2066 1082 2152 inrogatam,
1110 2072 1223 2154 quippe

180 2155 237 2221 ‘et
255 2159 378 2239 collegis
408 2160 590 2239 abrogatum
612 2157 784 2239 imperium,
806 2156 858 2237 qui
878 2168 962 2218 certe
980 2156 1057 2219 nihil
1077 2157 1219 2239 deliquis-

180 2240 305 2321 ‘eentq
319 2242 391 2307 lllos
415 2255 586 2326 repeterent
601 2243 718 2305 animos
738 2241 883 2321 Quirites,
903 2261 980 2323 quos
998 2244 1113 2306 recenti
1135 2242 1222 2307 clade

179 2328 190 2359 ‘
205 2342 333 2412 accepta
353 2332 540 2406 habuissent,
564 2350 655 2411 quum
670 2329 744 2410 fuga
757 2328 922 2411 trepidum,
941 2333 968 2369 ³⁰
979 2330 1104 2413 plenum
1116 2329 1221 2392 vulne-

178 2412 270 2477 ‘nrm
285 2437 321 2477 ac
339 2438 448 2499 pavore
472 2416 657 2479 incidentem
677 2414 773 2497 portis
799 2416 967 2477 exercitum
994 2416 1135 2493 viderint,
1157 2437 1220 2478 non

177 2499 188 2531 ‘
203 2500 358 2565 fortunam
370 2515 423 2567 aut
432 2522 614 2583 quemquam
626 2499 771 2576 Deorum,
780 2500 835 2561 sed
846 2500 902 2561 hos
912 2501 1004 2563 duces
1015 2512 1220 2563 accusantem.

176 2584 261 2654 ‘Pro
274 2601 358 2652 cetto
369 2611 401 2652 se
412 2590 531 2666 habere,
543 2587 696 2650 neminem
710 2586 743 2648 in
763 2586 913 2649 concione
929 2597 1021 2664 stare,
1032 2587 1084 2668 qui
1100 2587 1154 2650 illo
1167 2586 1218 2648 die

176 2670 263 2736 ‘non
277 2687 381 2756 caput,
397 2675 532 2750 domurn,
547 2675 742 2752 fortunasque
757 2671 793 2734 L.
805 2669 935 2754 Virginii
944 2693 981 2734 ac
991 2671 1051 2736 Μ’.
1067 2670 1166 2753 Sergii
1175 2673 1218 2736 ait

175 2756 187 2788 ‘
201 2771 375 2822 exsecratus
390 2761 629 2841 detestatusque.
668 2756 800 2820 Minime
814 2759 985 2836 convenire,
1001 2759 1109 2839 ‹pribus
1124 2761 1219 2822 iratos

175 2843 324 2926 ‘quisque
343 2844 426 2908 Deos
447 2858 589 2929 precatus
603 2845 654 2922 sit,
669 2844 753 2906 iniis
770 2864 826 2904 sua
839 2856 1003 2926 potestate,
1019 2865 1110 2925 quum
1125 2843 1219 2910 liceat

175 2930 231 2992 ‘et
242 2944 393 3012 oporteat,
403 2953 464 2996 non
472 2933 529 2996 uti.
553 2929 728 3011 Numquam
738 2929 823 2992 Deos
835 2931 917 3013 ipsos
931 2931 1093 2993 admovete
1102 2951 1217 2994 nocen-

175 3016 185 3048 ‘
201 3016 280 3077 tibus
295 3036 412 3080 manus.
423 3019 496 3080 satis
506 3037 581 3094 esse,
592 3018 617 3076 si
627 3016 787 3078 occasione
796 3017 961 3078 ulciscendi
973 3017 1059 3078 lesos
1075 3015 1216 3080 arment.'

217 3099 291 3162 xil.
313 3100 372 3164 His
393 3103 579 3165 orationibus
605 3102 734 3162 incitata
759 3101 846 3182 plebs
861 3106 888 3140 ⁴⁰
899 3101 986 3162 denis
1000 3102 1134 3164 millibus
1148 3103 1345 3178 serianum,

174 3187 273 3268 mavis
296 3207 362 3248 rens
375 3188 580 3286 condemnat,
601 3185 808 3266 nequidquam
834 3183 943 3285 Sergiq
964 3184 1104 3285 Martem
1130 3208 1215 3248 com·

147 3292 298 3333 munem
313 3272 384 3333 belh
414 3272 625 3351 fortunamque
653 3281 828 3345 accusante,
854 3269 992 3352 Vrrgrnro
1019 3271 1216 3354 deprecante,

175 3378 214 3418 ne
230 3356 379 3418 infelicior
405 3357 499 3434 domi,
530 3375 621 3437 quarn
645 3354 771 3434 militie,
786 3367 875 3416 esset.
903 3359 929 3394 ‘¹
944 3352 979 3417 In
996 3356 1052 3418 hos
1071 3359 1217 3422 versa'rra

174 3444 289 3526 populi,
313 3445 518 3527 cooptationis
543 3443 742 3523 tribunorum,
774 3441 945 3524 fraudisque
971 3455 1082 3506 contra
1116 3445 1215 3527 legem

595 3589 633 3630 ra
643 3579 718 3631 (iren.
726 3577 794 3630 Cres.

202 3693 225 3732 ³³
246 3695 280 3744 Ab
291 3691 335 3762 fris]
352 3695 462 3746 Patrisiis.
490 3695 601 3746 Nondum
612 3699 677 3747 enirn
740 3693 763 3730 ³⁰
780 3693 796 3724 ⁶
813 3695 1076 3763 Abrcpublicoresrctoe]
1092 3699 1214 3748 Abadmi.

171 3761 258 3810 uibuoi
278 3761 379 3810 rnilitum
397 3773 463 3811 erem
479 3763 571 3824 Sergius
587 3774 612 3811 et
622 3762 677 3810 Vir-
708 3759 841 3810 nistrrtione
863 3762 992 3826 reipublice
1013 3775 1121 3821 nmmos,
1142 3781 1214 3826 quum

172 3828 257 3888 tinius,
267 3843 338 3891 quum
349 3843 441 3892 operes
454 3826 577 3878 veintibus
587 3828 679 3878 incensa
706 3826 768 3894 juni
778 3823 866 3876 suerint
876 3827 980 3876 abdicere
990 3843 1016 3876 se
1027 3829 1167 3888 ωιείατιω,

171 3905 235 3941 suut,
741 3891 763 3929 ³⁰
781 3889 876 3940 Plenus
885 3891 1139 3954 omum-cepam]
1159 3894 1214 3943 Ma·
1264 3941 1269 3950 ,

204 3953 676 4018 ³⁶Frequentia....urinaeerleio-arene·
707 3957 964 4020 gispbcerermwru.

170 4019 247 4084 doner]
267 4021 407 4086 Frequentia
418 4023 510 4072 turbante
524 4025 677 4078 multitudinis
741 4023 764 4056 ⁴⁰
788 4019 859 4072 Derris
884 4021 980 4070 samam
1004 4023 1054 4070 aerr't
1071 4021 1159 4086 grauia]
1186 4023 1213 4072 ld

170 4085 276 4136 roboret
293 4088 426 4150 dignimem
442 4089 561 4140 concilim
577 4091 675 4140 animi·
708 4099 752 4148 est,
771 4088 859 4148 utenti
874 4087 956 4136 mercis
973 4085 1214 4140 Paterninum

170 4149 212 4200 bur
222 4151 353 4202 tribunitiis.
454 4155 458 4162 '
707 4155 781 4204 unciis
792 4158 816 4204 5.

202 4215 225 4252 ⁸⁷
245 4217 260 4245 ⁹
280 4215 438 4280 ijudier'uat
451 4219 504 4280 jam
523 4220 550 4268 de
570 4222 668 4272 reia...
739 4219 760 4252 ⁴¹
779 4219 794 4247 ⁸
811 4217 841 4267 Ia
857 4217 895 4266 lot
911 4219 1026 4266 eerraira
1042 4215 1129 4293 popelli]
1146 4217 1213 4266 Prius

162 4275 255 4341 somnes
275 4281 330 4346 esse]
359 4281 411 4331 lam
432 4283 603 4347 praeindicatam
625 4299 675 4334 eme
707 4283 845 4334 irneebetur
865 4283 962 4348 popolus
978 4281 1074 4330 uibums
1091 4298 1146 4330 eura
1177 4283 1212 4330 At
1259 4309 1265 4318 .

169 4357 262 4393 notum
282 4363 382 4408 mutarn,
402 4359 427 4398 et
447 4348 507 4412 illoc,
522 4361 646 4414 antequem
663 4366 676 4399 a
707 4359 758 4396 tum
769 4347 803 4395 ira
814 4349 838 4396 in
848 4347 954 4410 Sergium
965 4346 1137 4410 virginitasque
1147 4363 1214 4396 vara

169 4407 266 4458 tribunis
283 4410 332 4459 dlee
352 4413 387 4460 eis
409 4411 533 4475 diceretur,
556 4409 675 4474 &astae
706 4413 791 4462 delerit
801 4415 923 4462 usnimi·
936 4413 1070 4464 memathor
1087 4415 1212 4480 cooptatio·

166 4473 460 4537 Jamenesbserutatrc.
705 4479 905 4536 sambucetum.
