3175 5200
482 411 561 472 Llll.
574 407 615 469 X.
638 405 719 468 CAP.
735 401 833 464 XXV.
1118 399 1176 454 ⁶01

30 543 50 588 ζ
136 576 194 638 ‘in
205 573 268 638 ullo
276 593 386 658 genere
397 568 554 633 bominum
564 566 746 630 inhonorata
755 569 845 658 essct,
859 554 961 638 quaeri,
969 551 1167 654 quemadmo-
1182 556 1323 612 umam.
1378 595 1382 600 .

32 662 63 735 a*
135 663 148 696 ‘
163 663 235 724 dum
245 661 331 723 irrita
341 661 402 723 sint
410 677 470 722 non
482 653 623 736 suffragia
632 650 725 714 modo
735 645 852 732 populi,
872 641 926 704 sed
937 642 1063 702 arbrtna
1075 650 1169 700 etiam
1184 631 1213 680 Α·
1224 625 1253 677 ⁰·
1264 625 1320 676 ²⁹⁵⁹

137 749 301 826 ‘foruna
316 758 348 808 et
362 745 393 807 in
406 761 570 827 paucorum
580 747 765 824 potestatem
773 741 941 794 vertantur.
972 725 1087 788 Omnes
1098 734 1171 786 ante

31 811 55 894 ³³².
138 836 198 896 ‘se
207 834 344 897 consules
352 831 477 894 sortitos
487 827 655 913 provincias
670 843 734 886 esse
739 843 749 900 3
765 839 845 882 nunc
857 826 945 879 extra
953 822 1067 879 sortem
1077 809 1173 876 Fabio

30 901 39 922 ⁹
52 922 60 944 ·’
139 921 151 958 ‘
166 933 305 984 senatum
318 918 504 1002 provinciam
513 915 595 977 dare.
610 909 643 974 Si
656 909 778 974 honoris
789 905 854 992 ejus
865 905 1047 972 caussar'ita
1056 923 1126 970 eum
1136 897 1174 970 de

30 997 32 1021 ¹
51 993 59 1008 ’
141 1007 154 1042 ‘
168 1027 212 1085 se,
223 1006 320 1087 deque
331 1003 485 1087 republica
494 1002 635 1064 meritum
651 1019 726 1077 esse,
745 1011 780 1061 ut
798 997 898 1060 faveat
912 996 951 1067 Q.
967 994 1052 1057 Fabii
1063 994 1177 1075 gloria,

40 1077 48 1098 .
141 1095 154 1128 ⁶
168 1114 233 1176 que
243 1091 336 1154 modo
346 1111 408 1152 non
418 1111 473 1152 sua
483 1087 666 1151 contumelia
674 1085 844 1168 splendeat.
866 1082 924 1144 Cui
939 1093 1040 1144 autem
1053 1081 1177 1142 dubium

30 1169 58 1256 ἦ]
140 1179 154 1213 ‘
168 1199 244 1258 esse,
255 1178 306 1239 ubi
317 1197 411 1239 unum
420 1176 531 1238 bellurn
546 1176 586 1238 sit
598 1193 737 1257 asperum
749 1191 784 1232 ac
797 1170 929 1248 difficile,
943 1189 1035 1251 quum
1046 1166 1079 1228 id
1091 1165 1177 1228 alteri

30 1253 39 1288 ’ἶ
141 1265 256 1327 ‘extra
270 1275 383 1326 sortem
399 1262 569 1340 mandetur,
585 1261 655 1344 quin
672 1259 748 1322 alter
765 1256 869 1320 consul
885 1277 940 1340 pro
955 1272 1178 1338 supervacaneo

30 1341 49 1420 l,
143 1351 155 1388 ‘
170 1363 261 1434 atque
272 1350 371 1413 inutili
383 1349 546 1413 habeatur?
563 1345 693 1412 Gloriari
704 1345 832 1407 Fabium
842 1344 929 1404 rebus
938 1344 970 1404 in
979 1341 1178 1422 Esuriaga

30 1428 55 1472 ³³
144 1439 156 1471 ‘
170 1437 219 1499 tis.
231 1437 307 1498 velle
319 1449 351 1498 et
361 1435 393 1497 Ρ.
404 1436 534 1499 Decium
543 1433 679 1516 gloriari:
691 1443 723 1494 et
731 1431 867 1508 forsitan,
877 1449 966 1511 quem
977 1428 1029 1490 ille
1037 1427 1179 1526 obrutum

30 1515 37 1552 ²
144 1525 157 1558 ⁶
173 1524 275 1606 ignem
287 1522 450 1604 reliquerit,
462 1524 551 1584 itaut
562 1521 653 1584 toties
665 1539 776 1580 novum
790 1539 830 1578 ex
843 1516 994 1599 inproviso
1006 1512 1179 1576 incendium

30 1605 32 1622 ⁵
145 1609 157 1644 ‘
172 1609 269 1686 daret,
276 1629 344 1671 eum
350 1609 614 1672 scexstincturum.
625 1605 781 1668 Postremo
790 1625 822 1666 se
832 1602 954 1684 collegae
964 1603 1096 1666 honores
1105 1619 1181 1686 pra«

30 1693 35 1748 ἶ
145 1695 293 1778 ‘miraque
308 1715 520 1756 concessurum
533 1693 714 1754 verecundia
732 1690 829 1752 aetatis
850 1687 916 1770 ejus
935 1688 1163 1776 majestatisque
1169 1715 1181 1773 ς

30 1783 51 1824 ³⁶⁴
146 1782 158 1817 ‘
173 1801 266 1864 quum
275 1782 451 1866 periculum,
465 1799 556 1861 quum
572 1777 728 1840 dimicatio
741 1775 896 1861 proposita
906 1775 957 1859 sit,
969 1798 1067 1864 neque
1076 1781 1183 1844 cedere

30 1871 49 1914 1³
144 1869 158 1903 ‘
172 1889 227 1930 sua
237 1880 356 1951 sponte,
367 1889 465 1952 neque
477 1885 639 1932 cessurum.
652 1875 693 1946 et,
705 1865 729 1928 si
742 1865 817 1928 nihil
829 1866 911 1930 aliud
923 1889 962 1931 ex
972 1889 1008 1930 eo
1018 1869 1186 1930 certamine

36 1962 48 2000 ἓ
145 1955 157 1990 ‘
171 1955 284 2034 tulerit,
300 1947 375 2018 illud
390 1969 471 2018 certe
484 1955 624 2036 laturum,
638 1967 683 2033 ut,
704 1954 784 2038 quod
804 1949 909 2039 populi
921 1957 970 2034 sit,
991 1954 1120 2038 populus
1130 1953 1188 2034 ju-

30 2047 48 2086 2!
144 2042 244 2118 ‘beat
262 2043 374 2124 potius,
397 2063 487 2124 quam
511 2055 613 2125 patres
638 2041 855 2123 gratificentur.
898 2037 1008 2102 lovem
1031 2040 1184 2122 optimum

31 2133 47 2172 ’·ῑ
147 2128 339 2207 ‘maximum
366 2125 507 2209 Deosque
533 2128 706 2190 inmortales
736 2147 768 2188 se
793 2125 921 2208 precari,
946 2135 981 2187 ut
1002 2126 1047 2186 ita
1069 2135 1189 2187 sortem
1223 2146 1228 2161 ⁸

147 2212 290 2294 ‘aequam
309 2213 365 2274 sibi
381 2234 450 2274 cum
466 2213 584 2296 collega
599 2213 682 2292 dent,
703 2213 728 2274 si
750 2212 890 2273 eamdem
903 2212 1044 2274 virtutem
1053 2210 1183 2288 felicitas

147 2299 293 2382 ‘temque
302 2299 333 2360 in
345 2298 425 2361 bello
435 2298 675 2362 administrando
690 2299 788 2360 daturi
803 2299 873 2359 sint.
888 2311 970 2361 certe
986 2298 1018 2360 id
1033 2309 1064 2360 et
1076 2310 1190 2361 natura

30 2379 36 2404 ³
147 2385 301 2468 ‘requum,
321 2397 353 2447 et
374 2385 512 2470 exemplo
527 2385 600 2448 utilc
611 2407 687 2464 esse,
706 2385 792 2448 etad
811 2384 922 2446 famam
938 2385 1041 2468 populi
1050 2383 1186 2446 Romani

30 2467 44 2492 ·’
148 2471 160 2506 ‘
175 2471 337 2555 pertinere,
352 2493 403 2533 eos
419 2473 555 2534 consules
576 2493 653 2551 esse,
678 2493 806 2554 quorum
821 2471 965 2534 utrolibet
979 2471 1056 2533 duce
1070 2470 1184 2532 bellum

147 2556 309 2621 Etruscum
324 2557 387 2643 geri
400 2570 482 2623 recte
493 2557 610 2643 possit!
658 2557 778 2638 Fabius,
793 2557 869 2620 nihil
881 2557 963 2621 aliud
972 2569 1112 2641 precatus
1127 2577 1183 2640 po·

32 2664 49 2703 r
146 2646 264 2729 pulum,
285 2668 375 2729 quam
390 2658 425 2709 ut
439 2646 531 2730 prius,
557 2666 648 2728 quam
663 2647 743 2709 intro
758 2657 936 2708 vocarentur
951 2645 991 2707 ad
1010 2643 1185 2728 suffragium

41 2753 50 2791 ·.
147 2732 255 2811 tribus,
270 2731 331 2816 Ap.
343 2732 461 2796 Claudii
476 2734 611 2817 pretoria
635 2732 753 2795 adlatas
773 2754 812 2795 ex
830 2731 952 2795 Etruria
969 2731 1072 2795 literas
1096 2730 1184 2795 audi·

147 2828 227 2897 rent,
244 2818 369 2881 comitio
384 2820 457 2881 abit.
473 2840 528 2881 nec
544 2819 660 2882 minore
680 2819 783 2904 populi
809 2839 967 2897 consensu,
987 2839 1078 2903 quam
1093 2840 1183 2885 sena·
1204 2830 1212 2837 ’

44 2976 45 2985 χ
146 2914 208 2982 tus,
222 2905 377 2987 provincia
391 2904 513 2969 Etruria
527 2919 614 2969 extra
627 2918 739 2968 sortem
752 2902 847 2968 Fabio
862 2905 983 2969 decreta
996 2918 1054 2970 est.
1193 2910 1337 2963 ratberto

32 3088 33 3097 ¹
45 3103 49 3114 ·
143 3076 299 3158 juniorum
311 3098 319 3136 ι
344 3090 375 3141 et
387 3098 442 3159 pro
452 3078 618 3159 aequisque
629 3079 754 3140 nomina
766 3079 889 3141 dabant.
901 3090 989 3142 tanta
997 3080 1108 3164 cupido
1118 3093 1185 3144 erat

190 2988 292 3051 XXV.
315 2988 485 3053 Concursus
500 2992 571 3054 inde
586 2992 626 3054 ad
640 2991 795 3055 consulem
817 2990 914 3053 factus
935 2994 1072 3055 omnium
1088 2994 1183 3059 lerme
1194 2977 1353 3093 Effim

32 3218 33 3221 ,
147 3162 204 3223 sub
215 3183 251 3225 eo
264 3162 340 3225 duce
351 3164 503 3247 stipendia
513 3163 655 3226 faciendi.
678 3164 747 3236 Qua
761 3165 957 3227 circumfusus
965 3167 1064 3246 turba,
1078 3166 1185 3251 ‘'Qua-

147 3248 160 3283 ‘
174 3260 244 3311 tuor
255 3246 371 3329 millia',
387 3250 485 3331 inquit
499 3251 654 3333 ‘peditum
669 3262 701 3314 et
715 3263 875 3314 sexcentos
895 3252 1011 3335 equites
1026 3252 1186 3317 dumtaxat
1279 3307 1283 3316 .

37 3348 43 3377 ·'
147 3334 160 3369 ‘
174 3336 304 3397 scribere
324 3336 354 3397 in
374 3337 477 3397 animo
489 3347 549 3398 est:
567 3337 714 3401 hodierno
735 3348 767 3401 et
782 3338 916 3400 crastino
930 3338 980 3399 die
995 3339 1046 3421 qui
1061 3340 1187 3402 nomina

35 3432 39 3442 '
147 3420 160 3455 ‘
175 3420 327 3500 dederitis,
342 3442 461 3485 mecum
477 3423 597 3486 ducam.
612 3422 719 3506 majori
730 3424 804 3486 mibi
815 3445 893 3486 curae
903 3435 960 3503 est,
974 3435 1009 3487 ut
1021 3446 1126 3488 omnes
1138 3424 1185 3488 lo·

146 3507 159 3540 ‘
173 3506 307 3590 cupletes
316 3509 469 3588 reducam,
480 3530 569 3591 quam
579 3522 613 3574 ut
623 3511 726 3573 multis
735 3531 798 3572 rem
807 3532 910 3593 geram
921 3509 1088 3573 militibus.r
1109 3510 1183 3574 Pro·
1196 3496 1279 3589 stip„
1288 3539 1316 3593 3,

146 3592 244 3655 fectus
259 3596 285 3634 '⁴
296 3606 369 3678 apto
380 3596 525 3673 exercitu,
537 3608 570 3659 et
580 3618 618 3660 eo
628 3598 695 3682 plus
704 3596 821 3659 fiducie
832 3619 867 3659 ac
879 3598 944 3681 spei
956 3610 1092 3679 gerente,
1102 3598 1184 3679 quod
1195 3605 1333 3671 prodam

40 3718 43 3729 ·
146 3700 209 3742 non
229 3680 403 3744 desiderata
417 3682 579 3745 multitudo
600 3696 676 3761 erat,
698 3682 738 3745 ad
760 3684 908 3767 oppidum
923 3684 1089 3763 Aharnam,
1103 3673 1271 3751 mideml‘·

34 3802 35 3809 κ
148 3766 230 3829 baud
247 3768 352 3851 procul
375 3766 479 3830 hostes
506 3780 602 3849 crant,
624 3770 664 3832 ad
685 3782 787 3833 castra
811 3768 904 3853 Appii
924 3769 1056 3853 praetoris
1073 3775 1185 3857 pergit.

146 3854 251 3935 paucis
280 3853 358 3917 citra
387 3854 518 3917 millibus
548 3856 711 3939 lignatores
746 3856 773 3919 ei
810 3877 879 3918 cum
905 3856 1045 3939 praesidio
1074 3862 1184 3924 obcur-

40 3952 42 3964 ’
147 3951 239 4018 runt3
263 3938 325 4021 qui,
354 3950 389 4002 ut
414 3940 535 4003 lictores
560 3942 706 4025 praegredi
732 3942 882 4020 videmnt,
906 3940 1093 4026 Fabiumque
1118 3967 1184 4009 esse

35 4044 37 4051 ’
148 4026 304 4088 consulem
320 4046 475 4109 accepere,
497 4026 556 4090 laeti
581 4040 673 4110 atque
697 4029 812 4093 alacres
831 4028 900 4091 Diis
921 4029 1095 4113 populoque
1117 4030 1182 4095 Ro-

148 4130 240 4173 mano
254 4124 357 4194 grates
372 4124 478 4195 agrrnt,
504 4114 587 4196 quod
612 4135 682 4177 curn
707 4115 764 4178 sibi
788 4117 1003 4197 imperatorem
1017 4118 1181 4181 misissent.

36 4240 39 4249 .
150 4194 330 4261 Circumsusi
356 4198 466 4261 deinde
495 4220 587 4281 quum
610 4201 763 4267 consulem
790 4201 967 4279 salutarent,
993 4204 1099 4284 querit
1124 4202 1184 4266 ra-

148 4282 225 4359 bius,
236 4304 297 4365 quo
308 4296 484 4369 pergerent3
501 4287 823 4369 respondentibusque,
835 4286 983 4371 lignatum
992 4308 1026 4351 sc
1037 4289 1092 4368 ire,
1107 4286 1185 4352 ‘ain’

148 4366 159 4400 ‘
175 4370 324 4452 tandem,
339 4372 449 4454 inquit,
465 4372 559 4435 ‘num
570 4384 669 4439 eastra
683 4373 797 4437 vallata
814 4383 877 4435 non
892 4371 1041 4437 babetisl'
1068 4374 1187 4439 Adbuc

195 4568 218 4607 ⁹¹
234 4564 250 4601 ⁸
265 4568 334 4640 Apta]
352 4571 448 4637 idoneo,
462 4574 541 4640 habili,
550 4590 594 4629 aec
604 4574 633 4627 ad
643 4571 753 4643 minem
761 4570 828 4642 juo
836 4586 959 4624 aunem
969 4581 1124 4622 sacrm
