3175 5200
375 362 438 443 aar
797 355 884 419 nrm
903 354 1006 419 mvn
1118 438 1123 445 ,

212 532 349 587 mcum.
380 518 392 555 ‘
406 516 566 604 penatibus
575 517 606 581 in
613 516 747 581 hostium
762 518 869 581 urbern
879 529 1007 600 agerent
1016 539 1027 596 3
1046 536 1143 599 eoque
1151 538 1218 581 rem
1230 515 1432 597 adducerent,

212 598 245 649 A·
254 598 284 649 ⁰·
292 600 349 652 ³⁹⁰·
380 607 391 642 ‘
406 619 441 671 ut
450 607 557 669 melius
568 606 667 685 fuerit,
680 625 742 667 non
754 606 824 687 capi
836 603 939 683 Veios,
950 626 989 667 ne
1000 603 1103 667 Roma
1112 604 1323 669 desereretur!
1352 605 1434 677 Quia

380 716 443 757 non
458 695 487 757 vi
514 695 659 775 agebant,
680 692 735 754 scd
749 693 902 775 precibus,
917 704 950 754 et
964 693 1046 753 inter
1058 713 1164 775 preces
1178 694 1279 775 multa
1293 691 1431 755 Deorum

212 786 356 855 nunquan
381 781 498 845 mentio
513 792 589 857 erat,
608 780 782 861 religiosum
809 781 889 862 parti
909 779 1050 841 maximae
1069 778 1139 842 fuit.
1153 791 1186 842 et
1211 781 1311 863 legem
1325 783 1354 819 ¹²
1369 800 1433 841 una

214 855 262 909 ¹⁰¹·
381 869 482 953 plures
505 866 601 928 tribus
622 866 828 947 antiquarunt,
855 886 946 955 quarn
957 863 1126 948 jusserunt.
1151 866 1301 947 Adeoque
1316 887 1355 928 ea
1364 867 1430 928 vic·

382 954 464 1017 toria
478 954 548 1015 laeta
558 951 696 1015 Patribus
708 952 776 1031 fuit,
784 966 821 1016 ut
829 966 953 1036 postero
965 952 1026 1030 die,
1038 952 1237 1015 referentibus
1245 953 1430 1031 oonsulibus,

382 1039 680 1102 senatusconsultum
704 1039 800 1119 fieret,
825 1050 861 1101 ut
890 1040 956 1121 agri
984 1036 1150 1102 Veientani
1176 1051 1303 1121 septena
1319 1038 1432 1123 jugera

381 1126 464 1211 plebi
476 1126 701 1204 dividerentur3
726 1146 784 1188 nec
810 1126 947 1209 patribus
962 1125 1085 1189 familiae
1099 1138 1233 1204 tantum,
1245 1126 1300 1189 sed
1313 1139 1347 1189 ut
1360 1148 1430 1187 om·

277 1219 286 1232 “
383 1212 468 1277 ιιίιιιιι
478 1213 509 1275 in
525 1214 617 1297 domo
629 1213 791 1275 liberorum
803 1212 940 1295 capitum
951 1212 1031 1275 ratio
1046 1214 1210 1277 haberetur
1222 1234 1232 1292 3
1260 1213 1427 1295 vellentque

381 1299 415 1363 in
428 1320 497 1361 eam
513 1320 527 1361 s
549 1320 598 1362 em
609 1299 721 1361 liberos
737 1297 855 1363 tollere.
1051 1302 1054 1308 '

214 1398 358 1453 udan.
426 1321 547 1451 xxxi
568 1384 615 1447 Eo
637 1394 762 1449 munere
773 1385 910 1463 delenita
923 1385 1024 1468 plebe,
1035 1386 1112 1449 nihil
1131 1398 1282 1451 certatum
1296 1399 1352 1466 est,
1366 1408 1428 1469 quo

214 1472 246 1520 A.
257 1468 356 1543 0·³⁸,⁹·
384 1473 485 1536 minus
501 1472 671 1537 consularia
691 1472 819 1535 comitia
838 1473 1031 1535 haberentur.
1051 1475 1147 1537 creati
1166 1475 1305 1537 consules
1320 1473 1355 1537 1..
1365 1472 1430 1535 Va-

215 1533 362 1649 fflffl'
384 1560 474 1623 lerius
489 1557 620 1638 Potitus,
648 1556 697 1621 M.
714 1557 860 1637 Manlius,
884 1562 912 1599 ²³
928 1560 977 1622 cui
993 1558 1170 1643 Capitolino
1189 1573 1298 1645 postea
1311 1562 1431 1624 etiam!

214 1634 308 1715 Marti
347 1633 356 1650 ⁹
384 1646 444 1710 fuit
458 1666 639 1729 cognomen.
669 1642 713 1707 Hi
736 1646 876 1708 consules
898 1666 1027 1728 magnos
1058 1648 1144 1710 ludos
1163 1648 1271 1728 fecere,
1286 1669 1363 1730 quoa
1381 1645 1432 1709 Μ.

214 1731 280 1783 0⁰⁸·
384 1730 492 1797 Furius
517 1731 650 1795 dictator
664 1743 788 1795 voverat
797 1730 919 1795 Veienti
935 1734 1027 1796 bello.
1050 1732 1164 1796 Fodem
1183 1755 1265 1796 anno
1279 1735 1359 1795 redes
1369 1732 1431 1795 Ju-

382 1820 471 1887 nonis
485 1818 621 1901 Reginae‚
634 1819 672 1880 ab
687 1819 796 1881 codem
808 1820 959 1883 dictatore
973 1817 1139 1902 eodemque
1152 1821 1232 1882 bello
1246 1820 1428 1898 votasdedi·

383 1918 493 1969 cutura
518 1906 762 1987 celebratamque
778 1906 1003 1969 dedicationem
1018 1908 1345 1991 ingenti-matronarum
1356 1918 1425 1969 stu·

383 1991 436 2054 dio
447 1991 581 2055 tradunt.
621 1990 741 2053 Bellum
762 1993 844 2056 haud
859 1994 1055 2057 memorabile
1070 1994 1101 2055 in
1111 1992 1222 2077 Algido
1232 2015 1303 2056 cum
1313 1992 1424 2076 AEquis

382 2089 504 2161 gestum
520 2088 576 2156 est,
592 2078 665 2143 fusis
686 2079 826 2142 hortibus
847 2080 931 2163 prius
957 2101 1047 2163 pene,
1073 2100 1165 2163 quam
1189 2102 1296 2143 manus
1316 2102 1425 2143 conse-

265 2198 268 2205 ·
339 2208 341 2215 ·
383 2176 497 2229 rerenr.
540 2162 676 2243 Valerio,
692 2160 773 2248 q'uod
798 2168 1037 2251 perseverantior
1051 2168 1200 2230 credendis
1218 2169 1252 2230 in
1271 2167 1344 2250 iuga
1356 2167 1427 2245 luit,

382 2251 575 2336 triumphus3
598 2244 731 2332 Manlio,
754 2264 790 2316 ut
823 2275 917 2316 orans
943 2254 1150 2337 ingrederetur
1175 2256 1293 2333 urbem,
1323 2255 1431 2317 decre·

382 2350 450 2405 tum
479 2350 538 2403 est.
573 2335 693 2402 Eodem
719 2360 801 2403 anno
823 2362 935 2403 novum
965 2342 1079 2404 bellum
1099 2362 1169 2405 cum
1189 2340 1431 2405 Volsiniensibus

383 2436 548 2491 exortum:
583 2444 644 2506 quo
668 2437 793 2511 propter
808 2427 922 2504 famem
939 2429 1207 2511 pestilentiamque
1230 2430 1261 2491 in
1277 2450 1351 2511 agro
1366 2427 1432 2491 Ro-

382 2532 486 2591 mano,
516 2532 556 2573 ex
575 2512 714 2574 siccitate
751 2513 961 2595 caloribusque
997 2515 1099 2577 nimiis
1143 2527 1254 2596 ortam,
1281 2516 1432 2578 exercitus

213 2623 360 2674 mrem
384 2597 454 2660 duci
473 2597 620 2680 nequivit.
643 2599 683 2662 ob
704 2621 770 2681 quae
799 2597 1016 2682 Volsinienses,
1046 2599 1255 2687 Salpinatibus
1280 2602 1431 2684 adjunctis

213 2690 309 2742 bulum.
383 2684 525 2768 superbia
553 2685 636 2763 elati,
656 2685 737 2748 ultro
762 2708 852 2768 agros
879 2686 1035 2753 Romanos
1071 2691 1269 2753 incursavere.
1308 2689 1429 2752 Bellum

383 2771 455 2833 inde
470 2770 587 2834 duobus
613 2773 734 2854 populis
755 2773 917 2838 indictum.
939 2779 967 2814 ²⁴
981 2774 1018 2839 C.
1032 2775 1133 2839 lulius
1157 2799 1260 2839 censor
1275 2776 1425 2838 decessit:

213 2853 355 2905 Mem·
382 2857 414 2919 iu
441 2855 506 2940 ejus
529 2858 630 2920 locum
646 2855 694 2920 M.
710 2857 868 2923 Cornelius
893 2863 1058 2935 subfectus.
1083 2885 1149 2945 quae
1168 2885 1214 2926 res
1235 2876 1341 2947 postea
1355 2863 1427 2924 reli-

214 2921 352 3038 ffie‘c‘ffl
380 2943 466 3027 gioni
481 2943 539 3008 luit
548 2965 559 3024 3
586 2943 660 3026 quia
673 2967 710 3008 eo
727 2946 822 3053 lustro
838 2945 1002 3012 Romaest
1016 2962 1118 3034 rapta
1147 2950 1213 3014 Nec
1235 2950 1342 3014 deinde
1356 2969 1428 3012 um-

673 3105 763 3154 rrtionr
773 3104 821 3156 del.
832 3104 902 3156 Crer.
911 3106 985 3160 Doer.
995 3065 1142 3159 MSJVetur.

415 3261 439 3298 Ω
458 3257 510 3310 Uno
527 3259 615 3326 plum]
639 3259 678 3311 Sic
695 3261 759 3312 dedit
780 3262 895 3325 Sigonius,
924 3265 1053 3328 intelliget:
1077 3268 1138 3333 quod
1156 3269 1250 3332 quidem
1260 3265 1431 3332 cirriusexpri·

382 3326 421 3376 cui
438 3327 596 3376 :neutiumur
613 3327 660 3376 duo
677 3329 771 3378 tcodd.
783 3329 892 3381 Heernii.
924 3333 968 3380 mit
983 3333 1043 3381 infra
1053 3345 1091 3383 vr.
1106 3335 1143 3383 17.
1162 3351 1225 3396 quem
1239 3351 1306 3396 propr
1323 3334 1433 3391 relatur,

384 3391 674 3453 Olimlegebrturuuam.
709 3393 823 3447 'Sensus
840 3408 890 3444 ert:
923 3401 1050 3462 oegnorrinr
1067 3407 1125 3446 ωτι·
1144 3399 1268 3461 Capitolium
1286 3399 1338 3448 Jori
1356 3414 1432 3460 m

385 3469 421 3505 aa
430 3457 503 3506 tribus
513 3473 565 3521 quac
572 3458 729 3520 antiquabat,
736 3461 813 3510 virere
824 3462 893 3512 onim
915 3462 1024 3526 sarciat.
1045 3463 1135 3513 Tamen
1147 3476 1239 3515 constat
1249 3479 1375 3528 cognomen
1385 3467 1431 3512 boc

384 3521 457 3568 tribus
476 3536 582 3570 nurnero.
616 3520 687 3572 Porro
705 3527 822 3588 antiquare
839 3543 891 3576 rer·
924 3542 970 3574 non
981 3545 1065 3579 norum
1074 3529 1184 3594 incepisse
1193 3531 1274 3580 abhoc
1285 3531 1321 3579 M.
1332 3530 1431 3578 Manlio.

384 3583 604 3662 bumrqleaneerq
618 3590 770 3653 quopopulur
779 3591 891 3652 significe-
925 3592 1018 3643 Etenim
1028 3595 1046 3645 l.
1057 3609 1092 3644 ιι.
1183 3613 1206 3646 r.
1220 3599 1263 3648 42.
1282 3609 1370 3645 meatur
1385 3595 1430 3642 ui·

384 3649 425 3728 brt
443 3664 470 3699 re
485 3665 533 3700 non
551 3666 653 3714 accipere
671 3653 755 3716 legem.
788 3657 894 3719 Διιίιιιω,
923 3657 999 3708 bouus
1016 3611 1277 3712 mummil'mautu
1334 3665 1340 3674 '
1372 3662 1378 3672 '
1422 3695 1430 3707 ·
1501 3673 1505 3677 ’

384 3716 408 3764 rd
419 3717 566 3781 oraculique
582 3717 662 3782 probo,
676 3720 735 3770 nihil
752 3722 807 3771 nori
823 3724 891 3771 ιιιιιιὶ
924 3723 1004 3787 Iraque
1020 3729 1105 3777 Manlii
1120 3728 1194 3792 primo
1211 3727 1430 3791 crpiroliaicogno-

383 3782 447 3833 volo.
925 3790 1005 3840 minari
1024 3806 1089 3854 runt,
1113 3804 1139 3840 ut
1160 3793 1265 3841 observat
1284 3792 1389 3856 sigorim
1405 3793 1432 3841 ia

302 3892 307 3898 .
417 3847 440 3883 Β
458 3846 503 3896 cat
519 3846 643 3910 Capitolino
655 3859 728 3913 posteo
737 3849 795 3915 fuit
812 3868 892 3918 cogno.
923 3855 964 3904 lib.
979 3858 1010 3905 ds
1026 3858 1166 3907 Nominibus
1184 3857 1304 3920 Rommis,
1326 3859 1386 3922 quod
1405 3859 1431 3906 in

383 3911 445 3976 mm]
464 3911 595 3964 Gronovius
611 3930 641 3964 ex
661 3915 735 3966 tribus
753 3917 826 3969 MSS.
847 3920 893 3982 legi
921 3920 1038 3985 Capitolio
1062 3925 1199 3973 babitarent.
1247 3925 1294 3974 Sed
1320 3924 1431 3972 nimirum

382 3981 484 4042 jusserat
507 3988 580 4042 postea
599 3983 667 4029 otiam
684 3980 747 4046 ficit.
791 3983 893 4050 Nempe,
924 3985 962 4036 M.
982 3989 1085 4038 Manlius
1100 4005 1227 4051 cognomen
1237 3989 1291 4053 hoc,
1306 3989 1432 4038 heredita·

385 4045 471 4110 lnquit,
487 4044 581 4098 alterius
597 4045 722 4112 Capitolini
739 4045 832 4102 Quintii
848 4052 891 4099 du·
922 4053 984 4100 rium
999 4056 1043 4104 sibi
1059 4055 1176 4115 relictum,
1193 4054 1285 4120 proprio
1300 4068 1326 4103 et
1344 4055 1431 4119 pecoli-

372 4109 440 4186 'duur
460 4111 550 4160 mentio
568 4111 630 4161 sacta
649 4113 734 4161 suerat.
777 4115 826 4164 Sed
846 4115 891 4165 boc
923 4119 1019 4181 trijurc
1037 4121 1080 4169 sibi
1096 4122 1192 4170 asseruit
1211 4121 1293 4183 insigni
1309 4121 1350 4169 illo
1367 4119 1431 4169 freto

383 4175 453 4226 mni·
462 4176 610 4252 alorrginquo
619 4179 718 4243 petitum
730 4190 773 4228 ert.
806 4180 889 4244 Itaque
922 4186 1025 4246 ereptio
1041 4187 1161 4236 Gallorum
1184 4188 1290 4235 menibus
1308 4186 1430 4250 cepturi.

383 4236 429 4286 hoe
438 4239 628 4316 qddrtmeutum.
646 4245 706 4307 quod
721 4245 800 4309 scripti
810 4261 891 4296 omnes
922 4252 1114 4310 quemadmodum
1129 4252 1179 4302 fere
1195 4252 1273 4317 Scipio
1292 4251 1430 4300 AEmiliauus

382 4312 456 4352 uottn
477 4314 503 4350 et
523 4316 584 4355 vett.
602 4309 659 4356 editi
678 4310 799 4368 omittunt,
821 4313 890 4361 erasi·
921 4327 1048 4374 cognomen
1059 4318 1171 4368 Africani.
1194 4349 1200 4356 -

382 4379 443 4416 mur.
475 4364 515 4416 Da
529 4373 663 4430 mgnomius
681 4375 806 4441 Cepitolini
817 4392 845 4426 er
854 4379 889 4426 ri.
953 4379 975 4414 ²*
992 4379 1020 4430 0.
1037 4382 1115 4432 rrum
1126 4384 1211 4449 cerm]
1228 4383 1308 4448 Hujus
1318 4383 1432 4444 collegam
1520 4435 1528 4444 .

382 4431 452 4510 detur
461 4445 527 4481 ment
535 4435 606 4485 suine
617 4438 687 4500 Livii,
697 4453 724 4489 ut
736 4441 759 4489 id
769 4442 808 4492 M.
819 4443 890 4492 Mau·
919 4444 990 4496 fuisse
1001 4447 1030 4496 L.
1049 4447 1165 4513 Papirium
1181 4449 1307 4502 Cursorem
1318 4450 1433 4502 dutum

382 4495 415 4548 Ιιο
423 4495 504 4588 datum
517 4511 568 4552 cm
584 4502 613 4552 ob
624 4503 764 4573 capitolium
774 4521 889 4564 surarum
921 4527 951 4562 ex
961 4526 984 4562 c.
993 4514 1025 4564 34
1035 4513 1054 4568 l.
1066 4526 1105 4567 rx.
1115 4515 1183 4567 iufra.
