3175 5200
351 346 414 405 868
774 329 865 399 'Tm
882 338 986 399 mvn

185 508 325 565 uuam.
356 493 446 555 datus
460 504 519 559 est.
563 492 621 557 Per
656 493 783 555 eosdem
807 494 875 557 dies
902 492 1019 556 latinis
1051 502 1085 555 et
1120 490 1277 570 Hernicis,
1316 493 1411 555 simul

183 575 326 629 &2³⁸2
354 580 507 643 ”colonis
527 578 751 642 Circeiensibus
775 590 809 641 et
836 600 856 641 a
875 577 1013 658 Velitris,
1034 580 1236 661 purgantibus
1251 601 1285 641 se
1300 577 1411 641 Volsci

354 666 483 729 crImine
497 665 581 743 belli,
606 667 804 748 captivosque
819 667 1038 749 repetentibus,
1061 677 1099 727 ut
1119 668 1147 713 ⁷⁸
1155 667 1219 727 suis
1239 666 1361 747 legibus
1374 666 1409 728 in

355 774 409 816 eos
418 751 706 832 enlmadverterent,
728 753 829 815 tristia
843 774 990 835 responsa
1002 746 1143 830 reddita3
1166 752 1305 814 tristiora
1318 753 1409 814 colo-

356 840 414 916 nis,
436 838 519 919 quod
533 838 613 899 cives
629 838 760 901 Romani
776 838 882 923 patria
895 838 1110 922 obpugnanda
1123 838 1259 901 nefanda
1276 839 1411 901 consilia

355 924 485 986 inissent
493 936 517 986 ¹.
561 922 633 987 Non
658 938 805 1007 negatum
828 926 932 1011 itaque
955 938 1077 987 tanturn
1103 926 1143 987 de
1166 926 1316 1006 captivis3
1340 925 1408 1003 sed,

355 1014 381 1057 ⁷⁹
392 1010 423 1073 in
436 1031 500 1091 quo
511 1012 550 1073 ab
565 1012 655 1075 sociis
670 1024 773 1075 tamen
786 1023 1040 1095 temperaverunt,
1049 1011 1270 1073 denunciatum
1280 1022 1407 1073 senatus

356 1096 468 1174 verbis,
480 1097 665 1162 facesserent
674 1119 803 1182 propere
814 1120 853 1160 ex
863 1101 949 1177 urbe,
960 1100 1000 1161 ab
1015 1118 1067 1160 ore
1082 1108 1176 1179 atque
1187 1098 1286 1160 oculis
1298 1098 1405 1181 populi

357 1180 501 1262 Romani,
517 1181 556 1247 n'e
576 1186 653 1248 nihil
668 1208 720 1249 eos
737 1185 899 1267 legationis
908 1184 972 1266 jus,
983 1196 1112 1248 externo
1125 1205 1190 1247 non
1205 1186 1263 1247 civi
1277 1206 1402 1267 compa·

357 1280 457 1331 ratum
473 1281 601 1353 tegeret.
823 1287 828 1293 “
1194 1284 1199 1292 ’

400 1354 517 1419 XVIII.
550 1357 798 1422 Recrudescente
836 1358 997 1420 Manliana
1026 1359 1191 1437 seditione,
1227 1360 1284 1420 sub
1319 1360 1405 1433 eninr

357 1444 430 1505 anni
460 1445 587 1509 comitia
615 1446 730 1524 habita,
767 1447 923 1526 creatique
951 1445 1066 1507 tribuni
1089 1444 1223 1506 militum
1252 1445 1409 1507 consulari

187 1536 223 1587 υ.
232 1536 262 1587 c.
272 1538 330 1591 371.
400 1530 512 1593 testate
534 1553 573 1594 ex
593 1531 732 1594 Patribus
754 1530 821 1595 Ser.
841 1530 1001 1595 Cornelius
1021 1530 1246 1613 Maluginensis
1268 1532 1406 1609 tertium,

187 1603 331 1718 gerocffl·
383 1662 392 1678 .
416 1614 555 1681 Valerius
585 1616 704 1681 Potitus
732 1620 854 1697 iterum,
882 1620 909 1657 ⁸⁰
920 1616 968 1680 M.
991 1616 1099 1680 Furius
1129 1616 1307 1696 Camillusl,
1337 1616 1410 1681 Ser.

187 1734 252 1783 nsua
262 1734 309 1783 111,
358 1699 511 1785 Sulpicius
535 1703 631 1767 Rufus
659 1706 780 1784 iterum,
806 1703 842 1767 C.
856 1704 994 1787 Papirius
1019 1704 1157 1783 Crassus,
1181 1704 1219 1766 Τ.
1238 1704 1405 1774 Qiunctius

189 1799 345 1851 ausentii.
357 1788 558 1853 Cincinnatus
581 1794 760 1855 secundum.
815 1790 910 1874 Cujus
936 1791 1087 1874 principio
1109 1791 1178 1852 anni
1196 1802 1229 1852 et
1258 1789 1401 1851 Patribus

357 1887 389 1938 et
403 1877 485 1958 plebi
506 1890 733 1961 peropportune
757 1890 886 1941 externa
904 1898 967 1961 pax
992 1878 1086 1941 dota:
1108 1877 1198 1961 plebi,
1224 1877 1307 1958 quod
1332 1896 1397 1937 non

356 1976 484 2026 avocata
499 1964 620 2027 delectu
633 1987 718 2048 spem
734 1966 828 2047 cepit,
851 1966 925 2027 dum
943 1976 1007 2026 tarn
1022 1976 1179 2047 potentem
1197 1964 1321 2025 baberet
1337 1962 1399 2023 du·

355 2070 435 2129 cem,
454 2051 580 2113 loenoris
600 2052 819 2136 expugnandi3
842 2051 990 2130 Patribus,
1013 2073 1052 2114 ne
1067 2071 1130 2133 quo
1144 2061 1269 2113 externo
1282 2060 1403 2112 terrore

356 2150 554 2201 avocarentur
578 2140 672 2201 animi
696 2141 735 2201 ab
764 2139 909 2201 sanandis
932 2139 1109 2201 domesticis
1133 2137 1234 2198 mulis.
1291 2134 1402 2217 Igitur,

355 2242 450 2303 quum
465 2246 536 2307 pars
551 2237 680 2307 utraque
699 2226 798 2288 acrior
818 2226 976 2307 aliquanto
990 2236 1097 2287 coorta
1110 2236 1203 2287 esset„
1222 2225 1247 2262 ⁸¹
1260 2224 1310 2284 iu¹
1331 2244 1406 2305 pro·

355 2312 505 2392 pinquum
531 2323 686 2375 certarnen
712 2314 819 2375 aderat
847 2324 880 2374 et
908 2310 1073 2374 Manlius·.
1105 2311 1256 2373 advocata
1279 2310 1406 2371 dornum

355 2397 456 2478 plebe,
483 2419 553 2459 cum
578 2400 765 2482 principibus
780 2398 990 2461 novandarum
1012 2419 1112 2462 rerum
1135 2397 1271 2460 interdiu
1293 2408 1407 2459 noctu·

356 2502 415 2562 que
431 2484 559 2544 consilia
577 2486 685 2564 agitat,
710 2485 830 2567 plenior
853 2484 1011 2564 aliquanto
1026 2486 1198 2546 animorum
1219 2484 1406 2565 irarumque,

355 2588 448 2648 quarn
472 2580 564 2632 antea
585 2570 694 2634 suerat.
739 2569 820 2632 Iram
847 2570 1028 2633 accenderat
1051 2570 1221 2653 ignominia
1245 2592 1353 2634 recens
1373 2571 1406 2632 in

355 2655 459 2716 animo
482 2655 522 2716 ad
543 2657 761 2718 contumeliam
786 2658 967 2737 inexperto:
991 2657 1115 2740 spiritus
1127 2657 1230 2735 dabat,
1246 2658 1329 2738 quod
1344 2678 1406 2718 nec
1476 2655 1481 2668 '

355 2760 446 2801 ausus
467 2751 548 2802 esset
562 2741 645 2802 idern
671 2743 751 2804 inse
772 2743 915 2821 dictator,
936 2744 1019 2824 quod
1035 2744 1067 2804 in
1081 2741 1136 2826 Sp.
1147 2741 1249 2805 Maelio
1270 2741 1400 2804 Cincin-

355 2837 446 2888 natus
457 2827 619 2898 Quinctius
632 2827 775 2904 fecisset3
793 2840 824 2892 et
835 2829 1025 2891 vinculorum
1040 2850 1160 2892 suorum
1175 2829 1317 2890 invidiam
1333 2847 1399 2891 non

356 2912 489 2975 dictator
504 2913 598 2974 modo
613 2914 784 2976 abdicando
799 2916 984 2978 dictaturam
999 2917 1137 2999 fugisset,
1153 2917 1258 2978 sedne
1272 2927 1402 2977 senatus

355 2999 480 3080 quidem
501 3001 650 3066 sustinere
665 3003 826 3083 potuIsset.
871 3000 931 3064 His
944 3003 1034 3065 simul
1050 3003 1172 3064 inflatus
1185 3003 1405 3065 exacerbatus-

355 3106 414 3166 que
425 3085 491 3167 jarn
501 3107 556 3169 per
568 3109 600 3149 se
610 3108 754 3150 accensos
770 3089 919 3151 incitabat
934 3089 1029 3171 plebis
1048 3091 1186 3151 animos:
1210 3089 1406 3170 ‘Quousque

354 3173 506 3236 ‘tandein
542 3174 721 3256 ignorabitis
749 3176 828 3237 vires
861 3188 986 3255 vestras,
1019 3197 1094 3257 quas
1127 3187 1239 3238 natura
1266 3197 1307 3238 ne
1336 3175 1407 3238 bel-

385 3311 399 3340 ¹
410 3309 505 3355 iniissent
516 3309 590 3356 Gron.
603 3309 674 3358 Creu.
741 3301 763 3352 'r
776 3309 883 3357 Camillus
891 3312 993 3373 quintum
1002 3310 1067 3358 aad.
1148 3311 1292 3371 *nis‚-jan
1303 3312 1328 3357 irr
1339 3308 1408 3358 ilerd.

354 3377 365 3405 ¹
375 3374 452 3420 oderat
461 3389 469 3419 .·
482 3381 504 3420 et
516 3373 626 3433 Manlius,
635 3374 687 3424 adn.
699 3373 763 3422 Eaed-

385 3503 407 3542 rt
434 3501 519 3551 Colossis
539 3503 693 3554 Circeiensibus
716 3515 737 3556 st
760 3525 775 3556 a
804 3507 862 3557 Veli·
894 3508 978 3571 sliquid
1010 3524 1039 3558 ex
1080 3507 1176 3573 pristino
1214 3507 1267 3574 jure
1299 3508 1405 3557 retiam-

354 3565 406 3632 tris]
422 3567 591 3617 Circeiensibus
609 3583 633 3620 et
646 3570 781 3622 Veliternis.
814 3574 861 3621 Eo-
893 3587 953 3622 rant.

353 3631 407 3680 dem
431 3633 498 3681 modo
517 3635 607 3683 Iocutus
630 3649 664 3684 est
686 3654 753 3700 supra
775 3637 862 3700 Lirim,
926 3639 949 3676 7¹2
966 3637 981 3667 ⁶
999 3637 1117 3702 lnquoob
1132 3641 1193 3687 sociis
1207 3647 1279 3688 tomen
1296 3646 1401 3699 lempna

353 3698 401 3746 hoe
412 3699 461 3762 ipso
471 3698 536 3756 libro,
552 3715 573 3749 c.
588 3703 624 3749 12.
644 3711 665 3749 et
682 3703 751 3752 culini
764 3706 831 3751 stiam
849 3721 864 3751 s
894 3703 983 3767 oerum]
1007 3702 1097 3757 Quibus
1118 3703 1193 3751 verbis
1214 3704 1328 3767 minisque
1345 3718 1400 3763 erga

358 3761 459 3812 Velitris:
477 3766 490 3794 ⁸
503 3777 528 3813 et
539 3780 629 3814 rursum
640 3781 662 3815 c.
677 3769 714 3817 13.
732 3774 751 3824 †
763 3768 826 3816 Olirn
838 3769 863 3816 in
894 3770 976 3825 socios,
990 3770 1082 3818 latinos
1093 3769 1265 3832 Hernicosque,
1280 3771 1334 3818 lieet
1342 3784 1403 3816 nor-

354 3829 421 3878 editis
438 3832 516 3878 deerat
529 3832 670 3895 pertitulao.
704 3833 760 3882 Earn
778 3834 864 3894 adjecit
894 3833 929 3882 ios
949 3847 974 3882 et
999 3838 1052 3897 jure
1077 3835 1207 3900 increpitos,
1233 3847 1312 3884 tamen
1330 3833 1406 3882 absti-

354 3895 469 3956 Sigonius,
483 3907 508 3945 et
526 3909 608 3946 tenent
630 3909 728 3960 quatuor
745 3915 759 3947 e
776 3899 864 3962 scriptis
895 3912 1001 3949 nuerant.

353 3961 446 4012 nostris.
927 3965 952 3999 ω
975 3965 1012 4014 Μ.
1041 3963 1126 4013 Fusias
1152 3963 1260 4014 Condito
1284 3961 1401 4026 qoam]

386 4027 410 4066 ⁷⁸
426 4027 477 4076 Suis
498 4027 591 4094 legibus]
620 4029 732 4079 Obserrat
754 4028 864 4092 Dujsrius
896 4031 957 4091 Lege
967 4039 1057 4080 satan.
1091 4029 1145 4078 Vid.
1159 4041 1210 4079 not.
1229 4029 1346 4079 asara.
1360 4029 1401 4077 Ill.

355 4089 401 4140 hoc
424 4093 518 4142 Laribus
537 4095 630 4158 quidem
650 4108 675 4144 et
694 4097 810 4144 HernIcos
829 4095 864 4142 di·
895 4095 949 4144 lv.

357 4169 410 4203 esre
431 4161 540 4224 mulus,
562 4161 601 4224 qui
623 4162 670 4210 suis
699 4161 787 4222 legibus
807 4171 863 4210 ute·
928 4160 950 4195 ⁸¹
966 4160 1207 4226 Jnsrlsprspinquusr
1223 4167 1330 4210 surm
1344 4157 1405 4204 cde·

357 4231 456 4278 renturr
484 4240 530 4273 aon
558 4236 637 4274 autern
671 4225 814 4276 Circeienses
840 4238 865 4275 st
895 4227 1099 4289 conciliandus]
1112 4226 1407 4288 Inpropisrquunternpue.

357 4280 497 4344 Veliternos,
511 4293 559 4351 qni,
583 4304 664 4356 utpote
682 4293 757 4342 coloni
780 4294 865 4341 Roma·
896 4293 1009 4340 Ceterum
1020 4292 1153 4354 particulam
1162 4293 1301 4352 jaanusrn
1311 4287 1409 4336 Grono-

356 4347 392 4408 ”lr
420 4347 533 4401 Romanas
555 4356 617 4417 leges
645 4358 767 4408 heberent.
812 4358 880 4422 Nisi¹
896 4358 1026 4405 riusssuis
1037 4357 1125 4422 aliquot
1133 4357 1198 4405 libris
1208 4357 1286 4404 abesse
1297 4365 1412 4413 testam,

355 4413 425 4471 sorte,
457 4417 509 4479 quis
535 4435 582 4468 non
608 4439 688 4472 omner
711 4441 725 4476 e
756 4423 866 4472 Romanis
896 4420 1320 4487 ignonntitidernquInqneeuostris.
1336 4419 1410 4466 Unde

356 4491 431 4540 unt.
461 4484 501 4532 sed
524 4487 639 4538 veteribus
660 4491 741 4540 insons
766 4490 868 4550 admisti,
896 4490 1084 4540 considerandum
1102 4490 1176 4554 seuit,
1191 4485 1415 4538 manderem
