3175 5200
351 382 394 436 as
738 353 739 358 '
772 359 858 432 usur
880 353 978 433 mvn

355 537 587 614 persecutusque
610 528 691 590 lusos
713 527 753 588 ad
774 528 888 591 moenia
901 529 1017 606 hostes,
1038 530 1112 591 urbe
1125 530 1225 592 valida
1246 530 1337 592 muris
1359 551 1398 591 nc

355 615 419 678 situ
436 615 503 698 ipso
528 614 645 678 munita
667 611 837 677 abstinuit}
860 627 950 697 egros·
964 616 1082 677 rediens
1096 627 1207 694 vastat,
1232 616 1396 678 ulciscendi

355 701 463 784 magis,
489 721 580 782 quam
613 699 731 783 prada,
763 699 875 762 studio.
929 699 1033 782 Fasque
1067 702 1165 780 clade,
1187 703 1268 764 baud
1298 699 1396 763 minus

353 807 444 868 quam
482 787 607 848 adversa
641 803 753 867 pugna,
789 786 908 848 subacti
945 784 1089 849 Veientes
1123 808 1232 870 pacem
1265 788 1395 870 petitum

352 883 487 935 oratores
508 871 640 933 Romam
662 869 799 932 mittunt.
853 870 926 953 Agri
950 883 1039 954 parte
1064 873 1251 936 multaticia
1272 887 1396 934 centum

351 979 449 1020 annos
469 956 596 1018 inducia
617 955 706 1017 datae.
751 953 826 1018 Haec
853 958 956 1036 ferme,
977 956 1109 1020 Romulo
1134 960 1291 1040 regnante,
1313 958 1397 1020 domi

352 1043 524 1122 militiaeque
549 1053 657 1123 gesta:
688 1060 816 1123 quorum
835 1042 912 1104 nihil
939 1044 1088 1105 absonum
1113 1043 1184 1106 lidci
1205 1044 1312 1107 dirime
1334 1043 1397 1104 ori·

350 1129 430 1210 ginis
444 1126 671 1208 divinitatisque
685 1138 756 1208 post
781 1139 912 1190 mortam
934 1129 1058 1190 creditae
1079 1120 1161 1206 luit3
1194 1150 1256 1191 non
1278 1131 1399 1190 animus

350 1215 382 1276 in
395 1234 490 1296 regno
504 1213 586 1274 avito
601 1213 816 1293 recuperando,
843 1231 905 1274 non
931 1214 1096 1276 condenda
1108 1217 1201 1278 ‘urbis
1225 1215 1397 1291 consilium,

351 1319 412 1361 non
427 1299 508 1360 bello
525 1319 562 1358 ac
578 1317 654 1378 pace
676 1296 841 1359 firmandae.
863 1301 876 1336 ⁴
892 1299 931 1360 ab
953 1298 1006 1361 illo
1027 1300 1110 1361 enim
1129 1302 1267 1382 profectu
1285 1300 1396 1361 viribus

349 1385 429 1446 datis
444 1395 563 1446 tantum
578 1381 682 1457 valuit,
707 1393 742 1443 ut
767 1382 799 1442 in
824 1384 1027 1464 quadraginta
1050 1385 1277 1448 deinde'annos
1297 1393 1397 1448 tutam

349 1489 458 1553 pacem
487 1468 623 1529 haberet.
650 1465 836 1529 multitudini
866 1480 969 1530 tamen
995 1471 1113 1550 gratior
1135 1471 1202 1549 fuit,
1226 1491 1315 1552 quam
1338 1469 1399 1531 Pa·

352 1553 447 1615 tribus
458 1575 469 1630 3
493 1549 584 1634 longe
598 1563 670 1613 ante
685 1552 761 1612 alios
782 1548 1010 1635 adceptissimus
1034 1555 1164 1617 militum
1191 1558 1310 1618 animis.
1334 1569 1399 1617 tre⁴

354 1650 520 1719 centosque
546 1649 680 1699 armatis
706 1637 746 1698 ad
771 1638 942 1700 custodiam
973 1640 1117 1720 corporis,
1144 1660 1220 1721 quos
1247 1641 1397 1702 ‘Celeres

354 1724 394 1786 ad
415 1724 528 1800 ellarit,
543 1744 604 1785 non
619 1724 650 1785 in
667 1723 746 1785 bello
761 1725 870 1802 solum,
882 1723 936 1785 sed
950 1724 1044 1785 etiam
1059 1725 1090 1786 in
1106 1745 1192 1807 pace,
1204 1727 1321 1788 babuit

431 1807 483 1870 Vl.
506 1807 564 1870 His
591 1807 828 1871 ⁸inmortalibus
850 1809 944 1871 editis
955 1810 1107 1892 operibus,
1128 1831 1221 1892 quum
1243 1813 1283 1873 ad
1309 1833 1399 1873 exer-

355 1896 450 1957 citum
465 1894 682 1956 recensendum
702 1896 882 1957 concionem
902 1897 934 1956 in
949 1915 1058 1979 campo
1074 1897 1115 1958 ad
1135 1895 1241 1980 Capra
1254 1898 1399 1979 paludem

354 1983 490 2058 haberet,
512 1980 612 2044 subito
627 1992 734 2042 coorta
748 1993 912 2063 tempestas
927 2001 997 2042 cum
1013 2002 1127 2064 magno
1140 1982 1259 2064 fragore
1274 1983 1397 2044 tonitri-

354 2069 468 2149 busque
483 2079 548 2128 tam
563 2067 658 2150 denso
681 2085 782 2146 regem
803 2067 922 2150 operuit
939 2066 1055 2146 nimbo,
1073 2079 1109 2129 ut
1122 2081 1317 2150 conspectum
1332 2066 1401 2148 ejus

353 2154 493 2216 concioni
514 2151 682 2214 abstulerit.
708 2172 764 2213 nec
785 2152 895 2214 deinde
910 2153 942 2213 in
957 2153 1044 2214 terris
1059 2153 1206 2215 Romulus
1219 2154 1288 2215 suit.
1331 2153 1399 2213 llo·

352 2261 444 2303 mana
458 2240 563 2320 pubes,
585 2238 693 2300 sedato
713 2237 838 2299 tandem
857 2258 979 2319 pavore,
1000 2250 1163 2319 postquam
1188 2259 1227 2299 ex
1248 2252 1312 2300 tam
1333 2250 1399 2298 tur¹

352 2325 425 2388 bido
447 2323 496 2386 die
517 2343 624 2386 serena
646 2334 678 2384 et
702 2321 865 2403 tranquilla
878 2322 930 2383 lux
952 2322 1053 2400 rediit,
1075 2324 1126 2392 ubi
1145 2343 1271 2385 vacuam
1293 2323 1397 2385 sedem

353 2409 467 2492 regiam
482 2409 569 2485 vidit,
584 2408 641 2470 etsi
656 2408 729 2468 sutis
744 2407 889 2469 credebat
909 2406 1057 2485 Patribus,
1080 2408 1133 2489 qui
1151 2410 1282 2491 proximi
1302 2422 1396 2471 stete·

354 2506 433 2571 rant,
455 2491 614 2554 sublimem
639 2501 758 2572 raptum
780 2491 914 2572 procella
926 2514 936 2568 ;
971 2503 1086 2569 tamen,
1112 2497 1127 2539 ⁷
1150 2495 1232 2556 velut
1258 2495 1398 2557 orbitatis

353 2591 436 2641 metu
451 2579 524 2655 icta,
547 2586 689 2638 moestum
715 2574 900 2657 aliquamdiu
914 2575 1066 2639 silentium
1081 2579 1223 2642 obtinuit.
1266 2579 1396 2658 Deinde,

353 2664 490 2747 spaucis
505 2663 594 2730 initio
617 2662 710 2737 lucto,
733 2660 833 2724 Deum
858 2660 930 2723 Deo
950 2674 1069 2741 natum,
1090 2686 1204 2747 regem,
1223 2680 1399 2753 parentem7

354 2770 412 2831 que
448 2749 530 2809 urbis
570 2746 715 2809 Romanae
754 2746 867 2808 salvere
907 2748 1037 2809 rmiversi
1076 2748 1240 2813 Romulum
1277 2752 1396 2834 jubent.

354 2837 368 2873 ⁸
381 2854 488 2917 pacem
504 2832 642 2915 precibus
656 2843 836 2913 exposcunt,
856 2832 902 2894 uti
928 2833 1031 2895 volens
1050 2838 1199 2919 propitius
1214 2859 1298 2900 suam
1314 2858 1396 2900 scm·

354 2938 407 3003 per
421 2919 550 3002 sospitet
563 2918 750 3000 progeniem.
794 2920 807 2957 ⁸
823 2916 927 2981 lirisse
942 2919 1034 2982 credo
1049 2933 1114 2982 tum
1129 2942 1248 3005 quoque
1267 2924 1397 3005 aliquos,

354 3006 405 3087 qui
434 3003 619 3085 discerptum
648 3022 750 3085 regem
780 3000 903 3065 Petrum
931 3006 1070 3068 manibus
1099 3008 1185 3071 taciti
1213 3020 1395 3089 arguerent:

354 3090 488 3152 manavit
513 3089 595 3150 enim
625 3088 688 3149 haec
713 3109 842 3171 quoque,
867 3090 921 3151 sed
946 3092 1136 3173 perobscura,
1161 3092 1252 3154 famu.
1307 3091 1395 3156 illam

354 3177 481 3239 alteram
504 3174 667 3237 admiratio
685 3174 741 3235 viri
767 3186 799 3236 et
818 3196 912 3258 pavor
935 3198 1064 3259 praesens
1084 3179 1265 3241 nobilitavit.
1309 3178 1395 3241 Con-

355 3264 432 3325 silio·
446 3262 539 3324 etiam
562 3261 649 3325 unius
670 3260 801 3325 hominis
827 3262 933 3327 addita
957 3264 999 3326 rei
1025 3264 1136 3327 dicitur
1158 3264 1242 3327 fides.
1264 3285 1395 3347 namque

388 3546 450 3594 ⁴db
465 3550 504 3596 illo
521 3550 578 3596 enim
596 3548 707 3615 profectu]
730 3550 769 3598 Ab
785 3552 860 3601 incre·
892 3552 967 3602 ΕΜ
983 3558 1048 3603 eun
1060 3558 1395 3619 dumsmpmmaum

357 3612 441 3660 mentia
453 3612 671 3675 illisquiburlioma
685 3625 795 3675 regnante
813 3616 860 3665 lio·
882 3619 945 3682 suit.

357 3676 421 3725 mulo
430 3687 496 3724 ancta
508 3690 565 3737 erat,
576 3688 649 3725 tantus
660 3678 749 3741 collegit
759 3682 828 3729 vira.
921 3682 934 3718 ⁷
953 3680 1017 3729 Velut
1025 3682 1125 3731 orbim
1130 3685 1200 3746 mu]
1221 3686 1291 3737 Metu
1300 3690 1394 3736 nonsit*

389 3739 512 3805 melem]
529 3742 581 3790 Siva
598 3758 611 3789 ι
628 3742 743 3791 celeritate
760 3745 784 3793 in
804 3759 859 3792 eae·
890 3745 959 3793 simili
985 3744 1021 3794 'us
1032 3749 1070 3809 qui
1078 3749 1168 3797 orbatos
1177 3764 1384 3817 pamteotcupst·

358 3806 453 3867 quendir
468 3806 607 3868 ministeriis,
620 3807 668 3855 eive
686 3810 767 3856 sdrrce
779 3824 858 3857 eorum
923 3808 962 3841 Η
996 3826 1054 3858 acam
1062 3814 1161 3873 precibus
1169 3819 1295 3881 munt]
1306 3818 1396 3866 usam

357 3868 451 3931 Celere,
469 3871 518 3919 sive
540 3873 639 3935 denique
663 3888 676 3918 ι
699 3875 780 3921 Grues
804 3886 860 3919 voce
890 3872 977 3921 lanitio
992 3874 1015 3922 in
1030 3877 1106 3927 nnn.
1139 3878 1219 3929 Pacem
1232 3884 1296 3930 deun
1316 3898 1395 3947 postc-

358 3932 448 4013 ltbtqq
454 3950 523 3997 equa.
555 3936 626 4015 Certe
638 3936 721 3984 celem
730 3937 803 3999 primo
813 3936 861 3983 dre·
892 3936 958 4015 bapt,
969 3938 991 3985 id
1004 3938 1049 4004 eie,
1060 3954 1086 3990 ut
1100 3942 1180 4005 placidi
1193 3946 1245 4009 ipah
1257 3959 1282 3995 et
1291 3947 1395 3995 mres

356 4002 798 4115 tutntttllttttttf’
813 4011 860 4047 ‘⁰¹'
891 4001 1048 4117 Ἢῗῗὲ,
1056 4072 1120 4118 ...a
1136 4080 1185 4119 s..
1203 4090 1285 4136 n...
1298 4072 1391 4136 a...]

388 4120 401 4153 ⁶
417 4122 585 4198 imminu]
605 4129 671 4177 Huic
689 4128 820 4191 ampullrtar
836 4140 861 4177 et
892 4128 951 4177 lien
961 4145 1075 4182 memoret
1086 4134 1228 4196 Plutarchum,
1239 4148 1265 4186 ot
1280 4139 1334 4196 alii3
1349 4152 1394 4186 uec

356 4188 504 4248 sesquipedali
513 4192 561 4238 voci
572 4208 618 4241 non
629 4206 664 4241 est
674 4193 713 4239 hic
724 4192 795 4240 locus.
814 4194 860 4241 la-
892 4195 958 4242 eliter
967 4211 1059 4245 sensere
1068 4199 1192 4249 doctissimi
1202 4202 1286 4264 quique
1301 4213 1326 4250 et
1342 4218 1395 4251 ecr-

356 4264 434 4309 gsums
450 4253 527 4326 pqtiua
546 4259 679 4306 nonatum
717 4256 860 4321 Respiciebat
891 4260 998 4308 ditissimi
1015 4261 1179 4312 Romanorum.
1216 4266 1279 4313 Hinc
1295 4266 1394 4329 Tarqui·

356 4326 438 4375 nempe
456 4316 531 4363 Livius
550 4318 641 4369 Romuli
657 4322 809 4379 divinitutem,
822 4323 860 4371 cui
889 4324 942 4371 nius
953 4325 1069 4387 Superbus
1080 4325 1198 4376 &mnu
1208 4330 1344 4391 impulsum·
1354 4346 1394 4392 ps-

356 4378 450 4440 opponit
461 4380 562 4427 mortalia
573 4382 622 4446 ejus
630 4400 707 4449 opera.
726 4387 764 4436 sle
775 4402 824 4451 cup.
837 4390 860 4437 2
880 4392 941 4436 ‘stu
957 4389 1056 4446 dictitat,
1073 4390 1131 4438 infru
1150 4408 1172 4440 c.
1186 4394 1226 4441 49.
1258 4392 1393 4459 Papularum

356 4456 429 4507 supra.
457 4442 579 4491 Secundino
590 4450 642 4496 inde
650 4452 753 4511 prelium
764 4450 862 4509 insu,
890 4452 1280 4519 tremissam-aequitatum.
1349 4500 1353 4507 .
1377 4487 1384 4493 ·
