3175 5200
380 375 441 428 400
794 361 879 425 Tm
897 361 999 424 mvn

210 531 244 584 n.
256 533 351 586 cast·
379 537 516 590 mortuos
539 524 728 607 lerunt‚‚pro
749 523 892 606 portione
913 536 946 587 et
968 545 1007 586 ex
1028 523 1234 588 multitudine.
1246 525 1310 590 alis
1330 525 1439 592 mules

210 599 350 716 ss‘ciiffl·
379 613 486 676 lunera
509 612 611 676 luisse.
634 611 827 692 maximeque
856 632 925 672 eam
949 612 1155 694 pestilentiam
1176 613 1330 696 insignem
1345 636 1437 678 mors

210 675 352 782 effu*
379 705 493 782 ⁵quam
519 710 648 777 matura,
673 713 737 762 tarn
767 699 886 777 acerba,
925 695 972 761 M.
999 697 1080 761 Furii
1107 700 1192 762 lecit.
1251 700 1324 764 lhrit
1343 703 1434 766 enim

209 811 279 850 mors
377 809 446 850 vere
470 786 513 848 vir
533 787 639 848 unicus
668 785 700 847 in
731 785 814 847 omni
841 784 984 847 fortunar
1007 786 1148 869 princeps
1174 807 1252 870 pace
1282 788 1434 870 belloque

376 874 469 958 prius,
489 893 581 954 quarn
604 873 773 934 exsulatum
801 872 859 933 iret
869 894 880 949 3
903 871 1012 934 clarior
1032 873 1065 932 in
1091 873 1199 936 exsilio
1214 874 1263 935 vel
1277 875 1434 937 desiderio

377 959 519 1038 civitatis,
546 981 612 1041 quoe
636 971 728 1041 capta
742 958 877 1020 absentis
892 958 1055 1040 inploravit
1076 980 1179 1041 opem,
1202 961 1250 1022 vel
1265 961 1432 1040 felicitate,

377 1067 438 1128 qua
462 1045 619 1108 restitutus
644 1046 677 1107 in
705 1045 837 1128 patriam
862 1064 965 1106 secum
995 1045 1128 1124 patriam
1155 1046 1253 1128 ipsam
1280 1049 1430 1112 restituit.

378 1131 435 1195 Par
450 1133 561 1196 deinde
577 1137 589 1172 ⁶
599 1154 654 1216 per
669 1133 802 1214 quinque
820 1141 853 1192 et
870 1128 977 1210 viginti
999 1150 1097 1192 annos
1124 1129 1187 1210 (tot
1209 1134 1293 1195 enirn
1318 1146 1431 1217 postea

375 1219 464 1300 vixit)
498 1220 587 1284 titulo
617 1229 708 1280 tanne
741 1216 845 1299 gloriae
872 1216 940 1294 luit,
971 1217 1142 1298 dignusque
1173 1218 1307 1298 habitus,
1333 1243 1427 1303 quern

376 1307 543 1370 secundum
588 1327 606 1368 a
637 1303 780 1367 iRomulo
821 1303 1011 1366 conditorem
1050 1303 1134 1365 urbis
1175 1303 1323 1369 Romana
1359 1309 1425 1370 fer·

376 1405 455 1456 rent.
640 1435 642 1442 ,

209 1515 243 1563 u,
254 1511 284 1562 ο,
294 1510 352 1561 ³91.
419 1477 461 1544 ll.
493 1479 535 1543 Et
555 1480 614 1542 hoc
641 1477 811 1560 insequenti
835 1474 985 1553 anno,'C.
1011 1473 1147 1559 Sulpicio
1168 1476 1284 1559 Petico,
1309 1479 1346 1543 C.
1369 1479 1426 1544 Li-

205 1581 238 1628 A.
251 1578 348 1630 0361.
376 1567 458 1629 einio
481 1566 618 1644 Stolone,
641 1565 825 1644 consulibus,
849 1564 1025 1649 pestilentia
1046 1563 1114 1626 fuit
1137 1586 1174 1627 eo
1197 1567 1274 1628 nihil
1294 1568 1426 1650 dignum

206 1643 355 1760 fiffil’lflh
376 1654 525 1720 memoria
539 1663 651 1730 actum,
675 1651 733 1714 nisi
755 1651 837 1733 quod
863 1651 947 1735 pacis
968 1648 1070 1713 Deum
1095 1647 1292 1734 exposcendis
1313 1675 1429 1717 caussa

208 1777 275 1828 0„
295 1724 334 1758 ¹²¹⁰
374 1741 490 1802 ⁷ter'tio
519 1750 586 1802 tum
620 1749 690 1821 post
720 1739 877 1801 conditam
907 1739 1013 1800 urbem
1042 1738 1256 1802 lectisternium
1287 1740 1356 1802 fuir.
1387 1756 1426 1804 et

375 1847 468 1910 quum
483 1825 528 1888 vis'
542 1825 639 1888 morbi
662 1846 718 1888 nec
739 1826 881 1888 humanis
897 1825 1029 1887 consiliis
1055 1846 1109 1886 nec
1130 1847 1187 1909 ope
1209 1827 1312 1887 divina
1332 1827 1420 1888 leve-

206 1943 267 1992 m,
279 1941 363 1993 seeum
374 1925 467 1992 retur,
482 1912 569 1975 victis
585 1913 795 1996 superstitione
815 1913 935 1990 animis,
961 1912 1045 1973 ⁰ludi
1065 1933 1177 1995 quoque
1196 1913 1319 1991 scenici,
1334 1933 1422 1976 nova

205 2012 281 2076 primi.
375 2022 422 2062 res
442 2000 586 2062 bellicoso
611 1999 737 2083 populo,
764 1998 848 2081 (nam
871 1999 944 2061 circi
969 1999 1061 2062 modo
1082 2001 1284 2084 spectaculum
1299 2001 1418 2082 luerat)

173 2097 177 2104 '
374 2087 455 2150 inter
477 2087 538 2149 alia
557 2087 689 2149 coelestis
712 2086 762 2148 irae
785 2086 960 2170 placamina
984 2086 1117 2149 instituti
1131 2086 1279 2149 dicunnrr.
1322 2085 1422 2150 Cete-

374 2196 439 2236 rem
463 2195 555 2256 parvo
585 2194 705 2256 quoque
730 2172 777 2251 (ut
802 2173 897 2235 ferme
919 2173 1068 2255 principia
1088 2173 1204 2254 omnia)
1232 2184 1264 2235 et
1288 2194 1327 2235 ea
1352 2175 1426 2256 ipsa

373 2262 534 2345 peregrina
548 2283 595 2322 res
610 2259 678 2323 luit.
723 2257 814 2334 ⁹,Sine
830 2261 964 2322 carmine
984 2259 1057 2338 ullo,
1084 2261 1182 2322 ¹⁰sine
1204 2260 1427 2324 imitandonrm

373 2349 541 2412 carminum
559 2360 640 2426 actu,
665 2348 802 2410 ludiones
817 2369 856 2409 ex
869 2345 990 2408 Etmria
1009 2347 1114 2426 adciti,
1139 2348 1179 2409 ad
1198 2347 1336 2410 tibicinis
1356 2369 1426 2410 mo·

373 2437 429 2498 dos
454 2435 613 2513 saltantes,
638 2435 721 2496 haud
748 2435 908 2497 indecoros
933 2447 1035 2497 motus
1060 2456 1146 2496 more
1166 2433 1272 2496 Tusco
1297 2434 1426 2497 dabant.

368 2522 482 2583 imitari
509 2522 620 2584 deinde
639 2543 692 2583 eos
712 2520 866 2604 juventus,
893 2522 983 2584 simul
1003 2521 1167 2584 inconditis
1187 2522 1268 2583 inter
1290 2543 1323 2583 se
1333 2520 1424 2605 jocu-

368 2609 444 2670 laria
464 2608 626 2672 fundentes
647 2608 792 2687 versibus,
818 2630 937 2692 coepere
948 2633 959 2688 3
982 2630 1039 2671 nec
1060 2610 1167 2671 absoni
1191 2631 1212 2670 a
1231 2622 1422 2672 racematus

360 2704 464 2773 erant.
507 2694 646 2778 Accepta
674 2696 777 2776 itaque
811 2718 859 2757 res
890 2696 1057 2779 saepiusque
1079 2696 1257 2779 usurpando
1276 2696 1417 2758 excitata.

370 2782 569 2842 ¹¹vemaculis
586 2782 762 2859 artificibus,
790 2784 862 2863 quia
883 2783 978 2846 hister
991 2780 1095 2846 Tusco
1110 2783 1202 2845 verbo
1225 2781 1304 2845 ludio
1323 2802 1414 2843 roca-

367 2866 467 2946 batur,
494 2887 606 2929 nomen
630 2867 827 2930 histrionibus
855 2869 1006 2931 inditum:
1041 2870 1093 2951 qui
1123 2892 1198 2948 non,
1229 2870 1303 2931 sicut
1329 2880 1413 2946 ante,

370 2956 394 2991 ¹¹
405 2951 595 3017 Fescennino
610 2975 697 3016 versu
711 2954 844 3017 similem
860 2955 1098 3038 incompositum
1120 2968 1238 3019 temere
1255 2975 1290 3016 ac
1308 2954 1415 3017 rudem

400 3144 439 3180 ⁵⁶
452 3142 525 3201 Quom
538 3155 637 3211 maturo,
652 3157 697 3197 torn
713 3146 802 3211 παππία]
818 3142 880 3195 llaec
911 3152 954 3195 ιιι.
985 3145 1056 3195 Scerro
1072 3158 1152 3197 sutem
1169 3146 1260 3210 proprie
1277 3157 1315 3194 est
1329 3144 1424 3193 umbre-

367 3214 414 3261 ‹luo
432 3213 475 3261 sibi
496 3214 595 3261 invicem
614 3211 774 3261 adversantur.
816 3212 880 3261 Nem
913 3212 991 3261 culum
1010 3227 1040 3259 ex
1058 3213 1127 3261 ramis
1145 3212 1252 3260 arborum
1273 3210 1382 3268 ιιιινιιίι,
1398 3222 1424 3259 et

367 3278 468 3327 aarum
491 3281 581 3342 proprie
608 3280 693 3343 dicitur¹
716 3279 745 3327 de
767 3277 881 3327 fructibus
913 3280 974 3326 inter
993 3292 1019 3324 se
1041 3290 1124 3327 mutuo
1145 3277 1261 3339 implicitis
1287 3278 1386 3332 fmus,
1409 3293 1423 3325 s

367 3345 470 3392 nondum
492 3346 597 3405 maturis,
620 3359 717 3407 quorum
743 3342 797 3394 ideo
817 3360 880 3392 soer-
913 3342 974 3404 σχιί
985 3342 1071 3391 umbro.
1104 3343 1423 3406 Guonhmsutemisejm·

368 3410 408 3455 hur
426 3420 461 3455 est
481 3424 554 3472 sapor.
597 3408 662 3457 Hinc
686 3423 746 3455 mors
765 3411 880 3473 juvenum
912 3407 975 3455 modi
996 3409 1135 3457 umbraculis
1157 3408 1235 3457 Attica
1254 3406 1367 3471 juventus
1385 3407 1422 3455 in·

367 3472 454 3528 oeerlso,
467 3474 506 3535 qui
528 3474 665 3531 antediem
685 3474 814 3538 rapiuntur.
846 3473 881 3522 At
912 3473 1017 3522 conditos
1037 3489 1114 3523 sersus
1131 3472 1209 3539 jseere
1229 3486 1341 3537 torpens,
1361 3473 1424 3532 meo,

288 3535 294 3547 '
368 3551 449 3585 eorum
468 3538 577 3595 virorum,
598 3554 655 3601 quos
678 3553 795 3602 nunquam
820 3534 889 3587 mori'
909 3550 1030 3602 postquam
1047 3540 1115 3589 ludus
1133 3541 1157 3588 in
1174 3550 1250 3587 estem
1266 3539 1432 3599 restitantes

367 3613 479 3665 cuperent
501 3618 590 3659 omnes,
608 3619 698 3669 semper
719 3604 795 3652 acerbo
817 3620 878 3653 mors
910 3619 1002 3668 quoqne
1024 3618 1102 3655 voerta
1128 3619 1172 3665 est,
1185 3599 1346 3668 persciresrri
1365 3602 1432 3668 selo·

368 3678 414 3725 est,
424 3665 516 3715 etiamsi
529 3666 564 3715 illi
582 3670 739 3719 maturitatem
756 3668 879 3719 resinatu-
910 3680 981 3727 tetts,
1001 3672 1025 3719 iu
1045 3687 1091 3735 qus
1110 3670 1235 3720 histriones
1257 3670 1343 3718 fsbulss
1362 3682 1418 3729 ege·

368 3748 447 3795 raeque
459 3734 585 3793 attigerint.
602 3737 607 3748 ‘
911 3736 977 3784 bant.

399 3796 472 3847 ⁶Per
482 3800 578 3863 quinque
592 3800 793 3871 etsigimioonos]
813 3794 889 3850 Bene
941 3792 1031 3849 ⁹'Ss'sre
1054 3803 1151 3849 semine
1175 3798 1234 3913 ιιίίπι]
1248 3799 1324 3853 ,oua
1347 3800 1421 3847 uimi-

367 3874 393 3911 se
412 3864 482 3913 habet
501 3863 539 3913 hic
557 3880 677 3925 uumerus,
693 3867 713 3914 si
730 3868 788 3915 rstio
807 3866 889 3929 habe-¹
910 3880 963 3913 rum
993 3881 1073 3932 versus
1102 3866 1179 3927 lingna
1231 3870 1292 3915 'uses
1316 3878 1408 3930 pronun

367 3930 485 4043 ppppsnpl
496 3928 626 4045 ejustquem
645 3932 741 4043 ipsemit
761 3932 879 4044 ihm
910 3930 1011 3995 cistis
1031 3930 1142 3981 Remmis
1160 3931 1271 3981 intellecti
1290 3946 1337 3979 non
1358 3930 1420 3977 suis.

425 4011 458 4044 we
478 4010 657 4047 usmesnare
675 4012 728 4045 nm.
785 4007 878 4046 rzuot.
910 4009 972 4046 sent.

368 4058 409 4108 ⁴0.
419 4061 448 4108 sil
460 4076 496 4111 ur.
506 4064 547 4110 35.
944 4063 967 4095 ¹⁰
981 4060 1198 4112 Shsisritmdam
1213 4062 1332 4111 ωπίπιιιι
1345 4056 1414 4120 ests]

400 4124 412 4160 ⁷
439 4124 512 4174 Tertio
533 4136 621 4179 tum...
642 4128 798 4177 lectisternium
809 4125 876 4192 fuit]
911 4126 987 4175 Nullo
1008 4139 1075 4187 gestu
1100 4141 1212 4191 motuque
1230 4124 1334 4188 (ΝΜ
1355 4138 1420 4185 ‘1⁰²‘

370 4186 546 4239 Lectistemiunr
559 4192 582 4239 iu
593 4192 653 4241 urbe
664 4192 767 4241 liornsns
777 4193 876 4257 primurn
908 4192 937 4241 lis
947 4192 1051 4242 comitari
1061 4196 1172 4255 carmine,
1187 4194 1256 4255 iisque
1274 4189 1423 4253 respmdere

368 4250 483 4301 fuitsnno
498 4274 522 4305 u.
533 4273 555 4306 c.
566 4258 623 4309 356.
655 4257 710 4307 vid.
722 4274 788 4323 supra
799 4273 825 4307 v.
838 4260 876 4308 13.
909 4257 986 4307 debet.

369 4312 425 4368 Quo
445 4326 549 4385 tempore
570 4335 649 4372 susem
670 4324 770 4374 secundo
788 4318 887 4373 nctum'
944 4322 963 4356 ¹¹
999 4323 1126 4375 Vernseulis
1156 4320 1286 4390 artificibus]
1313 4317 1426 4369 Dona·

289 4384 294 4394 '
368 4380 450 4440 suerit,
464 4376 541 4433 Livius
551 4390 686 4439 nondocet.¹
910 4388 968 4445 titis,
983 4389 1006 4435 id
1029 4386 1075 4449 esti
1091 4390 1202 4442 Romanis
1217 4386 1359 4451 ludionibus,
1373 4386 1429 4435 εἴη

401 4444 612 4515 Πιιιᾶηιιιπίοι]
637 4455 696 4503 Ludi
715 4454 754 4519 qui
773 4456 798 4503 in
815 4470 878 4504 m
908 4453 1032 4505 actoribus.

368 4524 500 4581 sperentur,
521 4514 600 4581 quales
615 4518 744 4581 comedin
757 4520 879 4583 'l'rsgetlin
941 4518 1112 4587 ‚¹3me
1134 4520 1211 4589 oen]
1227 4518 1300 4606 'Non
1318 4513 1370 4585 ism
1385 4528 1428 4570 te·
