3175 5200
510 355 589 427 Lis.
602 365 641 426 x.
663 357 874 427 tnuxxm.
1127 373 1187 436 sm
1261 429 1265 434 ,

145 520 267 583 cebant.
310 519 396 582 Pabli
416 519 514 582 oratio
535 521 602 599 fuit,
628 521 724 604 qualis
743 509 867 600 biennio
892 507 982 581 ante:
1005 517 1127 598 deinde,
1144 531 1181 582 ut
1193 539 1227 592 u,
1238 537 1337 594 αμα,

138 607 322 669 ‘vmcsbatur
335 625 492 684 consensu,
506 627 593 668 versa
607 618 761 688 postremo
784 605 825 667 ad
846 605 995 688 collegam
1006 604 1039 666 P.
1049 604 1180 668 Decium
1192 603 1335 676 ΗΜ

42 753 47 834 r
145 694 347 861 tttlltl.
362 691 1182 860 L;i.tltt‘:.tb.tt¹2;tlb.‘25bitti?

145 863 256 926 ‘cordi
276 864 406 946 collegio
416 865 531 926 firmius
548 864 588 926 ad
603 864 821 947 rempublicam
837 863 984 926 tuendam
1004 881 1081 924 esse.
1099 883 1182 927 nouo

145 950 158 985 ‘
169 950 286 1033 imperii
294 951 377 1012 socio
388 951 439 1012 rix
445 949 512 1032 jam
522 951 698 1012 adsuescere
708 950 834 1012 senilem
843 950 979 1011 animum
990 969 1096 1032 posse:
1109 966 1182 1011 cum

139 1036 156 1070 ⁴
172 1037 304 1098 moribus
318 1037 399 1099 notis
415 1036 532 1098 lucilius
547 1055 579 1098 se
595 1034 1057 1098 communicaturum'eoosilia.'
1100 1033 1182 1098 Sub-

142 1123 266 1206 scripsit
282 1123 413 1186 orationi
429 1121 493 1204 ejus
510 1123 626 1200 consul,
642 1141 734 1204 quum
748 1122 864 1184 meritis
878 1119 912 1183 P.
928 1119 1017 1183 Decii
1032 1121 1183 1202 laudibus,

141 1223 222 1286 tum,
238 1210 325 1292 ‘quse
338 1229 377 1271 ex
390 1209 554 1271 eoncordia
566 1209 722 1271 consrdum
734 1209 825 1286 bona,
837 1226 962 1290 queque
976 1227 1015 1270 ex
1030 1208 1183 1270 discordia

144 1293 156 1326 ‘
169 1295 251 1356 mals
262 1295 293 1356 in
304 1295 566 1358 administratione
578 1315 677 1357 rerum
688 1294 864 1357 militarium
875 1292 1050 1372 evenirent'
1063 1313 1181 1356 memo-

142 1381 251 1458 rando,
266 1381 277 1413 ‘
285 1400 377 1463 quam
385 1399 481 1464 prope
491 1381 631 1444 ultimum
647 1381 808 1443 discrimen
819 1380 881 1440 suis
896 1392 928 1442 et
941 1379 1067 1462 college
1081 1391 1188 1442 certa.

42 1531 44 1544 ¹
97 1535 100 1542 ¹
143 1465 301 1528 ‘minibus
311 1487 413 1550 nuper·
421 1479 543 1530 ventmn
559 1468 637 1530 loret
647 1467 668 1528 r'
691 1467 884 1530 admonendo
894 1463 1024 1527 Decium
1037 1464 1188 1528 Fabium».

42 1551 44 1606 l
143 1559 214 1633 que,
230 1553 283 1615 ‘ut
296 1571 358 1615 uno
370 1553 483 1632 animo,
494 1573 556 1616 una
569 1565 671 1616 mente
681 1554 825 1615 viverent.
839 1553 936 1613 “esse
947 1563 1091 1634 praeterea
1100 1552 1184 1613 viros

143 1636 258 1700 ‘natos
268 1640 396 1719 militie,
410 1640 498 1701 lactis
515 1658 653 1721 magnos,
669 1640 709 1702 sd
722 1639 881 1700 verborum
897 1638 1065 1718 linguaque
1080 1647 1182 1700 certa·

42 1725 43 1762 l
143 1723 369 1788 ‘minarudest
386 1726 554 1806 esingenia
564 1725 735 1786 consudaria
746 1743 820 1786 esse.
836 1721 972 1783 Callidos
983 1723 1182 1804 solertesque,

142 1808 154 1846 ‘
164 1807 241 1889 juris
256 1821 348 1891 atque
362 1810 540 1892 eloquentie
555 1810 720 1888 consultos,
742 1810 839 1892 qualis
854 1809 914 1891 Ap.
927 1807 1072 1869 Claudius
1084 1821 1182 1886 esset,

143 1892 234 1956 ‘urbi
258 1915 295 1957 ac
321 1895 388 1957 foro
409 1896 551 1978 presides
572 1894 740 1973 habendos,
758 1907 959 1978 praetoresque
971 1894 1010 1954 ad
1025 1893 1184 1954 reddenda

141 1980 154 2012 ‘
163 1978 236 2060 jura
250 1981 398 2042 creandos
410 1980 497 2044 esse.'
542 1977 601 2041 His
612 1979 738 2062 agendis
758 1981 824 2042 dies
839 1991 886 2041 est
896 1988 1080 2040 consumtus.
1094 1990 1183 2060 post-

143 2065 220 2126 ridie
231 2065 270 2151 ad
281 2067 487 2147 praescriptum
500 2067 630 2128 consulis
641 2077 673 2128 et
683 2066 853 2128 consularia
863 2077 897 2127 et
907 2065 1047 2147 pretoria
1055 2064 1183 2126 comitia

142 2149 258 2212 habita.
281 2149 429 2214 Consules
441 2153 534 2213 creati
549 2152 588 2222 Q.
600 2151 710 2214 Fabius
725 2163 758 2214 et
769 2151 802 2213 P.
813 2149 943 2213 Decius:
964 2151 1024 2234 Ap.
1035 2148 1183 2212 Claudius

142 2246 271 2317 pretor3
295 2238 435 2298 ⁰⁷omnus
450 2239 600 2300 absentes.
608 2249 640 2299 et
649 2235 685 2299 1..
695 2236 861 2300 Volumnio
872 2237 1186 2320 exsenatusconsulto

42 2365 43 2370 η
143 2332 175 2382 et
189 2323 266 2384 scito
304 2322 379 2384 labis
392 2336 589 2406 prorogatum
604 2325 636 2386 in
651 2341 764 2387 annum
779 2325 1008 2408 imperiumest.

67 2411 75 2418 '
186 2341 307 2471 XXHl.
329 2407 375 2471 llo
401 2429 483 2471 anno
505 2410 646 2492 prodigia
664 2412 761 2473 multa
780 2411 921 2475 suerunt:
945 2432 1072 2496 quorum
1094 2433 1188 2477 aver*

143 2495 365 2557 runcandorum
392 2515 499 2557 caussa
522 2497 758 2580 supplicationes
782 2497 814 2560 in
840 2499 965 2562 biduum
989 2512 1110 2563 senatus
1124 2502 1180 2564 de-

141 2581 247 2643 crevit.
290 2579 413 2645 Publice
450 2583 588 2645 ⁸⁸vinum
615 2604 651 2645 ac
687 2585 755 2646 tus*
784 2586 954 2669 probitum.
977 2589 1180 2671 supplicatum

139 2665 204 2728 iere
225 2666 395 2749 frequentes
416 2670 472 2731 viri
494 2670 681 2751 feminaque.
739 2669 892 2754 Insignem
927 2674 1179 2756 supplicationem

42 2754 43 2759 ’
139 2751 214 2815 lecit
234 2766 387 2816 certamen
418 2754 450 2817 in
481 2755 592 2818 sacello
625 2754 780 2819 Pudicitiae
802 2758 948 2840 patricias,
970 2780 1036 2841 quae
1058 2762 1090 2823 in
1112 2760 1302 2829 inroranda:

139 2838 244 2901 boario
266 2852 313 2902 est
337 2841 377 2901 ad
402 2840 498 2904 adem
521 2842 684 2905 rotundam
707 2840 850 2905 Herculis
865 2846 946 2907 inter
960 2859 1114 2909 matronas
1129 2846 1293 2912 or-P‘ffl·

42 2939 47 2971 ¹
139 2935 216 2985 tum.
259 2924 440 3005 virginiam,
454 2928 525 2989 Auli
540 2928 645 3006 liliam,
661 2930 822 3009 patriciam
838 2930 959 3012 plebeio
972 2944 1111 3015 nuptam,
1122 2933 1180 2996 1..·

139 3005 306 3070 Volumnio
321 3012 447 3087 consuli,
467 3024 624 3089 matronas,
640 3013 752 3093 quode
768 3013 907 3076 Patribus
926 3017 1106 3099 enupsisset,
1128 3040 1179 3081 sa-

140 3092 198 3155 eris
213 3104 382 3157 arcuerant.
425 3090 530 3158 Brevis
551 3098 709 3160 altercatio
723 3098 795 3161 inde
811 3117 851 3161 ex
869 3099 1025 3165 iracundia
1039 3105 1180 3167 muliebri

140 3178 172 3239 in
186 3180 419 3242 'contentionem
434 3183 602 3245 animonrm
618 3185 740 3247 exarsit.
765 3206 858 3267 quum
873 3208 905 3248 se
920 3185 1060 3269 Virginis
1075 3190 1110 3253 et
1121 3212 1179 3274 pa·

42 3336 46 3355 .
139 3264 258 3327 triciam
282 3278 315 3329 et
338 3267 482 3349 pudicam
507 3270 538 3332 in
562 3270 696 3353 patriciae
719 3270 875 3335 Pudicitia
894 3275 1040 3357 templum
1060 3276 1179 3359 ingres-

42 3355 46 3395 ,·
139 3368 217 3429 um,
232 3363 265 3413 et
277 3353 330 3413 uni
352 3366 492 3437 nuptam,
506 3356 547 3417 ad
563 3372 654 3437 mem
669 3357 755 3439 virgo
773 3358 904 3421 deducta
918 3360 958 3422 sit
967 3382 977 3441 ς
1001 3381 1058 3423 nec
1074 3384 1107 3425 se
1120 3363 1178 3425 viri

139 3436 328 3499 bonorumve
346 3437 411 3521 ejus
435 3462 471 3503 ac
487 3462 587 3505 rerum
600 3454 752 3522 gestamur
767 3445 926 3526 pcenitarc,
939 3448 1048 3510 ”vero
1064 3450 1179 3531 gloria-

42 3582 44 3607 }
139 3533 232 3585 retur.
275 3518 371 3584 Facto
397 3526 508 3588 deinde
536 3528 659 3607 egregio
676 3530 840 3608 magrrifica
862 3532 953 3595 verba
983 3535 1118 3597 adauxit.
1144 3537 1178 3597 in

42 3612 45 3689 ξ
138 3609 206 3670 vico
220 3606 339 3690 lango,
349 3609 401 3669 ubl
417 3612 587 3688 habitabat,
598 3630 637 3673 cx
658 3623 745 3695 palte
763 3614 884 3691 redium,
906 3620 988 3697 quod
1011 3623 1085 3682 satis
1099 3627 1181 3683 esset

139 3694 199 3757 loci
220 3695 342 3757 modico
357 3694 481 3775 sacello,
494 3698 624 3759 exclusit
629 3718 640 3777 3
664 3718 808 3783 aramque
822 3701 864 3762 ibi
879 3703 991 3783 posuit.
1005 3716 1049 3782 et,-
1063 3726 1179 3767 convo·

298 3876 656 3941 'add-ncr'firiisGrmAErar.
800 3879 1016 3933 maleam

42 4048 45 4079 ι
169 4030 192 4065 ⁸⁵
210 4030 252 4081 Nil
268 4035 366 4083 morardi
383 4035 581 4101 wllagiojimius]
600 4038 642 4087 Nil
673 4038 733 4104 pius,
754 4038 825 4089 etlam
846 4039 875 4086 sb
903 4038 969 4089 urbe.
1009 4039 1091 4089 Simile
1110 4040 1181 4105 ρῑωο

42 4112 45 4143 r
135 4096 642 4166 aramqusmstconeoralmimoeoueg·
674 4103 1179 4232 agapprnbsbctrphetlsszfimvrffAEM

136 4170 404 4294 rspafflrffim]
428 4233 523 4282 Fabium
545 4246 570 4283 et
589 4234 642 4283 De·
674 4230 733 4296 tum]
761 4186 986 4295 Pldsscenmwmililriis
1004 4184 1179 4296 mmm
1286 4248 1294 4258 ·

138 4290 443 4360 maquflmqllffi
454 4299 642 4349 eoneorclraiurcr
673 4312 715 4347 nes
725 4296 798 4347 Mss,
815 4315 829 4347 ι
844 4298 962 4348 Grmmio
977 4299 1083 4363 inspecti,
1097 4310 1181 4348 omas·

42 4436 44 4451 .
138 4356 294 4471 “tl'ltb
310 4365 570 4489 mititte
591 4428 642 4478 s..
674 4365 965 4490 brenen:
991 4376 1016 4415 ‘²
1041 4364 1181 4430 ‘lm

42 4454 44 4473 '
134 4485 184 4536 eiua
206 4486 301 4539 darm
321 4490 641 4561 ummauapmsp
705 4494 729 4531 ⁰
747 4463 962 4558 Vaassxrem..

706 4580 793 4646 eps
