3175 5200
376 368 439 433 ¹sarr
771 344 1000 427 ‘nstrum

241 757 246 769 .
385 702 427 765 ad
443 699 698 764 'vociferationem
724 718 840 776 eorum,
866 714 942 779 quos
972 699 997 735 ¹⁴
1009 697 1113 761 necari
1135 699 1193 763 snb
1220 711 1304 763 crate
1328 699 1428 782 jusse-

259 772 263 793 ⁶
374 800 445 868 rat,
459 806 607 850 concursu
626 783 721 865 facto,
745 785 811 867 ipse
829 783 871 848 sd
888 783 1117 867 interpellantes
1129 806 1254 869 poenam
1268 808 1373 852 vecors
1389 790 1428 853 de

386 873 530 938 tribunali
554 872 696 935 decurrit.
739 868 786 934 lbi
812 891 905 954 quum
929 871 1142 935 submouentes
1167 875 1280 957 passim
1305 875 1429 939 lictores

386 960 636 1043 centurionesque
661 971 806 1023 serment
830 959 962 1031 turbam,
990 979 1029 1021 eo
1054 959 1227 1041 indignatio
1256 962 1364 1046 erupit,
1393 975 1429 1027 ut

220 1047 524 1127 sternutationes
550 1048 682 1111 rnilitum
712 1048 751 1109 ab
778 1046 921 1109 'exercitu
947 1066 1003 1108 suo
1032 1046 1184 1129 lapidibus
1213 1049 1428 1133 cooperiretur.

217 1113 330 1229 ffi
386 1135 477 1209 Quod
493 1147 558 1199 tarn
580 1146 670 1199 atrox
688 1134 805 1197 facinus
826 1144 987 1218 postquam
1010 1144 1058 1196 est
1080 1132 1213 1197 Romam
1237 1136 1425 1217 nunciatum,

216 1244 354 1297 mmm,
385 1224 514 1287 tribunis
534 1222 664 1287 militum
684 1222 722 1285 de
742 1233 841 1285 morte
862 1220 985 1303 college
1009 1242 1064 1304 per
1087 1234 1230 1285 senatum
1248 1225 1426 1305 questiones

386 1311 627 1389 decernentibus,
642 1309 754 1373 tribuni
777 1308 873 1393 plebis
890 1308 1133 1371 intercedebmt.
1148 1309 1204 1371 sed
1218 1330 1255 1372 ea
1268 1312 1424 1375 contentio

385 1419 426 1461 ex
447 1398 612 1461 certamine
637 1396 697 1459 alio
720 1395 892 1480 pendebat3
915 1396 997 1477 quod
1022 1416 1096 1458 cura
1122 1396 1288 1461 incesserat
1311 1392 1425 1477 Patres,

386 1488 463 1547 ¹⁵ne
489 1495 573 1549 metu
598 1484 797 1567 questionum
822 1483 907 1568 plebs
932 1484 1058 1565 iraque‘
1080 1483 1219 1547 tribunos
1238 1485 1369 1552 militum
1388 1506 1425 1547 ex

384 1572 474 1655 plebe
496 1582 631 1637 crearet:
654 1571 880 1652 tendebantque
898 1590 1019 1633 summa
1043 1590 1111 1656 ope,
1132 1583 1169 1634 ut
1189 1571 1329 1635 consules
1343 1592 1426 1635 crea-

385 1670 498 1723 rentur.
552 1659 653 1733 Quum
684 1658 980 1722 senatusconsultum
1008 1656 1072 1720 fieri
1101 1658 1213 1720 tribuni
1239 1658 1337 1742 plebis
1362 1679 1425 1721 non

384 1748 569 1829 paterentur,
589 1747 681 1810 iidem
700 1746 924 1809 intercederent
937 1745 1140 1808 consularibus
1154 1745 1297 1824 comitiis,
1320 1766 1368 1807 res
1382 1746 1423 1808 ad

384 1832 591 1917 interregnum
606 1834 706 1897 rediit.
721 1832 849 1896 victoria
863 1831 974 1895 deinde
986 1852 1077 1916 penes
1091 1831 1194 1895 Patres
1208 1832 1276 1895 suit.

217 1924 362 1979 memte.
407 1917 481 1984 ul.
507 1920 546 1994 Q.
569 1920 664 1985 Fabio
681 1908 835 1984 Vibulano
858 1920 1008 2002 interrege
1031 1919 1156 1981 comitia
1180 1919 1322 1997 habente,
1343 1940 1418 1981 corr·

215 1992 356 2107 fflffif:
385 2006 463 2070 sules
484 2008 579 2072 creati
599 2020 671 2071 sunt
699 2007 755 2071 A!
773 2006 932 2070 Cornelius
947 2005 1070 2083 Cossus,
1094 2003 1246 2069 inl-*urias
1271 2004 1419 2069 Medulli-

215 2121 352 2184 Μὴ,
383 2114 450 2157 nus.
494 2094 552 2158 His
574 2095 746 2160 consulibus
767 2094 864 2180 princi
886 2095 917 2157 io
941 2094 1014 2157 anni
1040 2092 1330 2157 senatusconsultu'n
1353 2093 1420 2156 lac

214 2186 325 2241 risen
382 2192 448 2245 trrm
472 2195 530 2264 est,
552 2197 587 2247 nt
610 2184 650 2247 de
675 2183 841 2268 questione
864 2117 1066 2245 iustumiana
1086 2180 1176 2243 credis
1195 2181 1310 2243 tribuni
1322 2180 1420 2263 primo

382 2289 502 2353 quoque
532 2265 669 2356 tempore
690 2271 731 2333 sd
757 2272 878 2355 plebem
907 2268 1038 2346 ferrent3
1068 2268 1231 2352 plebesque
1260 2266 1426 2349 preficeret

382 2357 550 2441 questioni,
563 2379 666 2441 ,quem
679 2358 779 2422 vellet
824 2360 850 2399 ¹⁸
859 2356 890 2419 A
902 2357 991 2441 plebe
1007 2376 1158 2418 consensu
1172 2353 1275 2440 populi
1292 2353 1423 2417 consuli-

326 2508 328 2515 .
380 2444 437 2507 bns
459 2446 615 2529 negotium
637 2447 811 2509 mandatur.
834 2445 896 2527 qui,
920 2463 1038 2506 summa
1057 2443 1266 2505 moderatione
1289 2440 1423 2507 saleni·

213 2546 359 2604 wisse
382 2540 448 2593 tate
462 2553 517 2614 per
532 2552 696 2618 paucorum
711 2532 905 2618 supplicium,
928 2551 1004 2615 quos
1024 2530 1147 2593 sibimet
1167 2530 1250 2614 ipsos
1275 2527 1424 2591 conscime

212 2613 329 2680 Premit
383 2619 514 2682 mortem
539 2620 613 2682 satis
635 2620 785 2682 creditum
807 2632 865 2698 est,
891 2630 1047 2682 transacta
1068 2639 1111 2696 re,
1140 2617 1301 2698 nequivere
1322 2627 1422 2678 tamen

212 2679 284 2732 Μ’·
382 2706 538 2786 consequi,
559 2714 668 2768 utnon
684 2706 839 2788 egerrime
862 2706 896 2769 id
919 2704 1005 2788 plebs
1030 2703 1132 2766 ferret.
1159 2702 1284 2784 ‘jacere
1297 2702 1420 2765 'mmdiu

381 2789 506 2854 ‘irritas
521 2793 705 2872 sanctiones,
729 2813 795 2874 quie
817 2792 855 2854 de
878 2791 939 2855 suis
953 2790 1124 2854 commodis
1138 2789 1307 2853 ferrentur:
1329 2808 1420 2872 quum

380 2878 393 2911 ‘
407 2877 528 2940 interim
543 2879 582 2941 de
597 2878 744 2962 sanguiue
759 2891 792 2943 et
805 2879 953 2961 supplicio
966 2898 1022 2938 sno
1037 2876 1132 2940 latam
1146 2876 1246 2959 legem
1261 2875 1419 2939 confestim

381 2962 548 3044 ‘exerceri
561 2976 594 3027 et
605 2976 725 3027 tantam
745 2964 807 3026 vim
820 2962 952 3026 babere?
994 2963 1196 3046 Aptissimum
1210 2975 1331 3047 tempus
1345 2974 1420 3041 erat,

379 3050 541 3114 vindicatis
562 3049 772 3130 seditionibus,
795 3049 1058 3114 delenimentum⁸
1079 3042 1201 3112 animis
1217 3049 1327 3114 Bolarn
1357 3051 1421 3133 agri

381 3137 559 3202 divisionem
573 3135 688 3220 objici:
711 3157 771 3219 quo
786 3136 871 3200 sacto
895 3137 1075 3200 minuissent
1095 3137 1276 3200 desiderium
1297 3137 1421 3218 agraria

379 3224 467 3307 legis,
482 3246 547 3308 quoe
557 3227 697 3310 possesso
711 3245 765 3309 per
779 3221 921 3307 injuriam
932 3245 1007 3306 agro
1024 3223 1147 3306 publico
1161 3223 1264 3287 Patres
1277 3224 1421 3307 pellebat.

376 3309 489 3374 Tunc¹²
505 3311 568 3375 hac
583 3313 651 3396 ipsa
661 3311 827 3394 indignitas
842 3311 976 3394 angebat
989 3311 1116 3391 animos,
1131 3333 1194 3374 non
1209 3311 1241 3373 in
1255 3311 1420 3374 retinendis

376 3398 470 3460 modo
481 3399 611 3483 publicis
626 3400 716 3481 agris,
731 3419 808 3482 quos
828 3399 857 3460 ‘vi
879 3409 1006 3477 teneret,
1025 3399 1212 3482 pertinacem
1226 3397 1419 3462 nobilitatem

376 3503 443 3545 esse
451 3507 463 3562 3
485 3484 540 3546 sed
550 3505 590 3546 ne
600 3505 729 3548 vacuum
744 3485 868 3570 quidem
890 3505 1007 3568 agrum,
1024 3506 1119 3570 nuper
1139 3507 1179 3548 ex
1192 3485 1329 3548 hostibus
1343 3505 1418 3567 eap-

376 3579 453 3650 tum,
468 3569 550 3654 plebi
566 3571 718 3652 dividere3
740 3590 815 3635 mox
829 3573 945 3656 paucis,
966 3583 1002 3637 ut
1016 3582 1130 3662 cetera,
1153 3572 1287 3637 litterum
1301 3571 1416 3658 prede.

501 3719 782 3784 ‘tropuls'mtoGrom
794 3720 940 3773 usmeta.
1066 3719 1120 3774 ill.
1132 3721 1289 3774 Groncrsr.

599 3787 786 3838 remanerem
798 3787 862 3838 aar.
1022 3819 1036 3855 3
1049 3786 1106 3837 Τιιιιι
1117 3788 1182 3838 End.

384 3903 426 3971 ἰι
441 3933 584 4016 umaro
603 3940 676 4018 qno]
702 3941 755 3991 rrae
775 3939 879 4004 affusi
897 3927 1045 4004 anano,
1061 3944 1417 4009 quorumnam-

370 4003 813 4119 reqpsplarrurdssrnbltrrrLr.1c&5J.
893 4007 998 4080 *rasistis
1025 4011 1122 4060 comitiis
1146 4013 1308 4090 absolveras
1333 4017 1418 4081 poprlo

370 4069 877 4201 llaecledtiomeqdlaeddiodsmditiiurdddrffl
907 4075 1064 4202 mm
1075 4077 1420 4209 lgdremdvdpi'pletirnm

371 4194 878 4274 ribusblSS.Grnnovisnir‚qustuornostris‚
907 4202 925 4253 i.
945 4220 968 4254 s.
994 4209 1190 4258 consentientibus
1214 4210 1331 4272 suffragiis,
1349 4229 1418 4278 segn-

371 4261 653 4318 etommbureditinnibus
662 4280 715 4318 ante
726 4267 877 4329 Sigonisrrsm.
907 4269 966 4318 tiusr
984 4276 1105 4322 summm
1123 4275 1253 4325 eomls'bur.
1296 4275 1348 4327 Vox
1365 4292 1420 4327 nra·

371 4322 433 4392 Hoc
446 4326 508 4376 dedit
523 4333 597 4381 imre.-
619 4335 679 4399 qnod
694 4333 877 4398 amplexerunt
907 4348 970 4381 vasu
993 4337 1075 4386 codem
1102 4341 1170 4389 mods
1195 4339 1298 4390 absolute
1323 4344 1420 4410 paritur

368 4398 462 4438 mm
906 4413 972 4464 snpra
988 4399 1007 4449 l.
1019 4415 1060 4452 ιιι.
1075 4420 1096 4456 ι.
1114 4407 1157 4458 38.
1195 4405 1304 4462 Μ
1320 4413 1420 4468 Μαι

403 4453 424 4487 ¹⁶
446 4457 469 4504 s
487 4457 547 4518 suc
565 4475 666 4522 mm
685 4461 782 4580 naq
797 4463 875 4514 aaut
905 4466 1026 4527 amm

368 4530 485 4588 uteunque
495 4525 593 4591 exponi:
610 4527 767 4594 plebiscitum
782 4528 874 4583 nso·
