3175 5200
382 369 441 425 4³6
808 363 1015 425 nnuvn

218 538 253 592 u.
264 539 361 592 ειη
384 522 396 556 ‘
410 519 544 600 Corneli,
559 539 706 584 cacumen
721 519 799 584 illud
808 543 901 604 supra
910 520 1048 584 bostem?
1078 519 1145 582 Arx
1158 519 1213 580 illa
1221 528 1273 580 est
1281 514 1357 598 spei
1369 513 1463 575 salo-

218 605 289 656 Η·
299 607 357 656 ³⁴⁰·
386 609 510 691 ‘tisquc
520 621 642 686 nostra,
657 609 683 670 si
698 629 778 688 eam,
794 631 885 692 quam
900 611 973 672 ceci
983 608 1130 689 reliquere
1140 603 1314 682 Samnites,
1326 601 1463 684 inpigre
1555 674 1556 677 Ἴ

363 697 398 734 ··‘
412 696 560 778 capimus.
581 693 647 756 Ne·
662 705 695 758 tu
709 696 785 758 mibi
800 697 879 778 plus,
893 717 986 776 quam
999 696 1089 756 unius
1102 693 1233 774 legionis
1253 689 1463 773 ”principes

387 784 621 862 ‘hastatosque
647 781 777 844 dederis.
799 803 870 843 cum
894 784 1002 862 quibus
1020 782 1074 841 ubi
1094 779 1261 841 eraseroiu
1275 794 1460 850 summum,

388 870 399 902 c
540 869 549 882 .
682 870 689 882 .
715 869 723 882 ,
1139 867 1147 881 .

388 869 1462 1034 misem*

388 1035 1461 1208 1wirblflipltlffflblllbfflbwlllssmisssst

388 1213 538 1297 presidio,
553 1214 638 1275 vadit
659 1213 799 1276 occultus
824 1234 880 1296 per
904 1214 1036 1292 saltum3
1058 1234 1116 1274 uec
1135 1213 1218 1295 prim
1232 1171 1392 1274 ab'hosce
1407 1221 1460 1270 est

386 1301 478 1380 visus,
493 1319 585 1382 quam
596 1301 677 1378 loco,
691 1321 782 1382 quem
797 1299 934 1382 petebat,
945 1300 1207 1382 adpropinquavit.
1251 1296 1334 1359 lade
1345 1296 1455 1358 adrui·

388 1388 508 1450 ratione
522 1388 702 1469 paventibus
718 1388 849 1469 cunctis,
863 1406 957 1466 quum
971 1387 1108 1448 omnium
1123 1387 1156 1446 iu
1165 1407 1199 1446 se
1211 1385 1361 1447 vertisset
1376 1403 1457 1446 ocu·

388 1474 444 1551 loa,
456 1487 488 1535 et
502 1475 635 1556 spatium
645 1475 762 1536 consuli
775 1473 913 1536 dedit'ad
923 1473 1152 1536 subducendum
1165 1493 1275 1554 agmen
1284 1472 1320 1532 iu
1331 1471 1456 1552 aequio-

388 1580 453 1621 rem
469 1561 581 1638 locum,
593 1573 625 1623 et
637 1561 701 1644 ipse
715 1561 748 1622 iu
762 1581 884 1622 summo
895 1561 1034 1622 constitit
1042 1560 1166 1622 vertice.
1187 1558 1363 1636 Samnites,
1373 1557 1453 1618 dum

389 1646 448 1708 buc
463 1645 534 1708 illuc
549 1645 637 1728 signa
650 1658 782 1726 vertunt,
796 1648 954 1729 utriusque
967 1649 1011 1709 rei
1025 1648 1138 1709 amissa
1150 1647 1329 1723 occasione,
1343 1665 1451 1726 neque

388 1731 507 1815 insequi
521 1733 688 1812 consulem,
700 1735 759 1796 nisi
774 1756 829 1817 per
843 1736 984 1796 eamdem
997 1735 1118 1811 vallem,
1131 1734 1166 1794 in
1179 1753 1241 1815 qua
1254 1732 1363 1816 paullo
1377 1743 1452 1792 ante

391 1817 561 1920 subjectum
581 1841 651 1882 eum
677 1821 747 1882 telis
773 1821 836 1882 suis
862 1821 1043 1899 habuerant,
1065 1832 1194 1901 possunt
1201 1841 1212 1898 ;
1239 1841 1298 1880 nec
1326 1819 1448 1919 erigere

390 1919 681 2076 millib
692 1906 1002 2077 stabilit
1012 1904 1449 2077 illllimsidffiss

390 2078 545 2161 pinquitas
569 2080 629 2142 loci
653 2093 744 2162 atque
760 2083 828 2165 ipsa
840 2082 977 2165 paucitas
998 2082 1130 2144 incitat:
1155 2094 1188 2142 et
1208 2100 1287 2141 nuuc
1310 2079 1447 2141 circum·

391 2165 464 2226 dare
488 2166 623 2248 undique
645 2168 755 2231 collem
780 2169 905 2231 armatis
927 2169 1099 2246 voluntat
1122 2189 1142 2228 a
1165 2167 1291 2229 consule
1309 2165 1445 2228 Decium

391 2251 619 2332 intercludant3
642 2275 723 2317 nunc
748 2257 829 2318 riam
853 2255 1036 2338 patefacere,
1058 2267 1094 2316 ut
1112 2255 1271 2335 degressos
1286 2254 1319 2314 iu
1333 2253 1447 2314 vallem

392 2338 578 2403 adoriantur.
594 2342 735 2420 ‚incertos
761 2342 835 2424 quid
857 2355 994 2424 agerent,
1019 2362 1084 2403 nox
1108 2341 1269 2423 obpressit.
1312 2341 1447 2402 Decium
1555 2346 1556 2359 ¹

391 2425 523 2507 primum
539 2449 607 2509 spes
622 2430 732 2506 tenuit,
747 2451 818 2490 cum
833 2429 1030 2490 subeuntibus
1050 2429 1091 2506 iu,
1100 2429 1258 2489 adversum
1277 2427 1390 2488 collem
1405 2447 1447 2488 ex

392 2513 546 2593 superiore
561 2513 631 2575 loco
643 2535 675 2574 se
687 2528 908 2597 pugnatumm:
924 2515 1036 2577 deinde
1047 2515 1210 2576 admiratio
1218 2515 1351 2591 incessit,
1360 2512 1448 2594 quod

392 2616 449 2657 nec
465 2618 600 2679 pugnam
616 2601 739 2679 inirent,
753 2624 823 2680 nec,
838 2604 863 2663 si
884 2604 924 2664 ab
938 2624 976 2664 eo
990 2602 1120 2664 consilio
1139 2602 1295 2683 iniquitate
1309 2601 1370 2661 loci
1386 2602 1445 2662 de·

392 2693 585 2761 terrerentur,
600 2706 692 2765 opere
710 2708 743 2747 se
757 2688 897 2769 valloque
917 2688 1152 2751 circumdarent
1194 2686 1269 2749 Tum
1283 2688 1443 2747 centaurio-

392 2768 481 2828 nibus
498 2768 538 2828 ad
551 2789 585 2830 se
595 2772 721 2849 vocatis,
735 2772 904 2843 ‘Quanam
915 2774 968 2835 illa
979 2776 1101 2837 inscitia
1113 2775 1185 2836 belli
1196 2772 1352 2855 acpign'tia
1362 2773 1435 2831 eet?

393 2855 471 2916 ‘aut
484 2874 617 2935 quom
633 2858 727 2919 modo
753 2860 802 2921 isti
826 2881 866 2921 ex
884 2858 1029 2923 Sidicinis
1048 2860 1268 2944 Campanisque
1277 2859 1435 2919 uictoriam

395 2941 622 3024 ‘pepererunti
663 2942 733 3006 Huc
754 2958 846 3027 atque
870 2947 942 3008 illuc
966 2949 1092 3029 “signa
1105 2950 1231 3024 moveri,
1244 2968 1279 3007 ac
1290 2944 1383 3006 modo
1403 2944 1444 3005 in

394 3028 513 3090 ‘unum
539 3027 679 3109 conferri,
700 3032 794 3094 modo
821 3033 910 3095 educi
932 3034 1052 3095 videtis.
1077 3056 1154 3118 opus
1183 3034 1304 3116 quidem
1332 3031 1448 3113 incipit

395 3115 522 3193 ‘nemo,
546 3136 638 3197 quum
654 3116 720 3199 jam
742 3120 921 3183 circumdati
940 3121 1020 3182 vallo
1034 3123 1222 3204 potuerimus
1243 3142 1318 3181 esse.
1359 3116 1446 3179 Tum

395 3202 406 3235 ‘
419 3223 490 3264 vero
506 3222 560 3264 nos
572 3204 685 3267 similes
697 3206 825 3268 istorum
836 3208 940 3285 simus,
951 3208 977 3268 si
988 3208 1101 3269 diutius
1113 3210 1164 3270 bic
1176 3228 1340 3284 moremur,
1350 3224 1446 3287 quam

395 3288 617 3351 ‘commodum
632 3292 682 3353 sit.
725 3292 903 3373 Agitedum‚
918 3296 962 3355 ite
976 3315 1119 3373 mecum;
1142 3309 1188 3372 ut,
1203 3296 1276 3357 dnm
1290 3293 1369 3354 lucis
1389 3292 1448 3354 ali-

395 3373 406 3406 ‘
421 3375 495 3453 quid
508 3389 655 3457 superest,
671 3378 779 3458 quibus
791 3380 867 3441 locis
882 3380 1022 3462 praesidia
1035 3394 1165 3464 ponant,
1180 3403 1241 3463 qua
1254 3393 1363 3462 pateat
1374 3380 1447 3441 biuc

351 3528 355 3533 ¹
396 3458 530 3539 ‘exitura
556 3462 769 3543 exploremus.'
814 3464 889 3528 Haec
914 3468 1018 3528 omnia
1041 3468 1148 3549 sagulo
1166 3467 1281 3549 gregali
1303 3467 1447 3541 amictis,

397 3545 622 3607 centurionibus
646 3548 719 3610 item
746 3554 977 3635 manipularium
991 3554 1124 3617 militam
1144 3555 1252 3616 habitu
1271 3553 1385 3629 ductis,
1407 3573 1446 3612 ue

397 3629 505 3691 ducem
518 3631 676 3695 circumire
687 3636 789 3699 hostes
804 3652 956 3717 notarent,
971 3641 1173 3722 perlustrant.

438 3712 569 3782 XXXV.
597 3716 716 3802 Vigiliis
739 3723 850 3787 deiude
873 3726 1040 3809 dispositis,
1061 3728 1170 3790 ceteris
1191 3728 1333 3789 omnibus
1347 3730 1446 3788 ‘'tes-

799 3906 809 3931 ·
825 3896 874 3949 Nec
885 3901 960 3953 Gma.
971 3901 1040 3951 (ἷκεν.

428 4040 450 4079 ³⁹
469 4040 581 4105 Principes
593 4042 748 4108 limatisque]
766 4045 906 4099 Dehiavid.
971 4049 993 4085 ⁶¹
1019 4048 1137 4111 Tmraar]
1172 4048 1271 4098 Teum
1295 4047 1385 4112 propit
1410 4060 1446 4096 est

397 4116 455 4156 vin.
465 4113 489 4157 8.
507 4108 574 4156 inira.
589 4108 647 4158 Duo
658 4110 695 4157 illa
707 4124 802 4175 corpora
818 4114 906 4163 efficie-
938 4115 1137 4178 tabellarum,
1163 4116 1188 4162 iu
1214 4130 1259 4178 qua
1281 4114 1448 4161 imeribebatnr

395 4168 887 4227 brutaumcrumbomiaumclrcicermb.
937 4182 1037 4242 siguum,
1068 4195 1109 4228 aea
1137 4180 1267 4244 symbolum
1297 4191 1442 4227 amaruan

427 4230 696 4303 ³⁰'·Slgrrrr...mudo]
717 4240 905 4305 sigiranno·
937 4248 972 4293 Ea
990 4246 1033 4294 rub
1053 4260 1159 4293 aemam
1179 4245 1242 4301 rolla,
1260 4258 1384 4307 mimam
1404 4260 1447 4307 po-

290 4322 292 4340 ·
396 4298 425 4373 do
444 4300 469 4345 s’n
490 4314 561 4348 naun
578 4304 685 4367 migrari,
706 4306 769 4367 quasi
787 4306 904 4369 quiescere
935 4322 1047 4359 narentur
1069 4308 1161 4371 vigilie.
1187 4326 1199 4358 a
1227 4308 1323 4359 tribuno
1349 4310 1450 4357 mar

396 4367 460 4411 antra
478 4373 550 4411 nnn
571 4368 694 4416 natumrr
713 4368 843 4432 &nalem
859 4384 905 4421 πω-
936 4376 1003 4424 nilitt
1020 4373 1119 4433 midan.
1137 4373 1188 4440 (cal
1203 4373 1233 4424 ob
1249 4373 1274 4421 id
1291 4370 1367 4437 {pern
1384 4382 1448 4422 una·

396 4421 905 4543 wqwttmnprmrnntm
934 4440 996 4491 urb
1024 4448 1110 4490 micea
1140 4436 1202 4505 nn)
1232 4434 1449 4503 maionis·
