3175 5200
539 400 616 461 LIB.
637 399 671 459 V.
702 398 785 460 CAP.
805 398 859 459 ΙΙΙ.
1149 404 1208 461 298

211 558 251 621 ll.
273 557 373 630 Quum
387 570 459 640 spes
470 553 567 637 major
582 553 814 638 imperatoribus
828 552 973 616 Romanis
987 554 1020 617 in
1037 554 1361 633 minianenses.

169 666 259 727 quam
283 646 315 707 in
338 644 575 727 obpugnatione,
590 652 689 720 esset;
712 640 908 703 hibernacula
930 642 1034 721 etiam,
1056 663 1103 704 res
1128 662 1208 705 nora
1219 632 1376 749 &m

170 732 260 795 militi
286 731 437 808 Romano,
471 728 612 791 edificari
637 739 757 813 coepta:
791 726 1010 808 coruiliumqne
1035 741 1110 808 erat,
1139 728 1206 791 hie-
1219 762 1338 815 ‚dvm

170 819 282 880 mando
307 818 482 879 continuare
511 815 633 877 bellum
659 815 741 896 quod
762 825 923 897 postquam
949 812 1077 876 tribunis
1099 815 1208 898 plebis,

165 897 299 985 jamdiu
314 904 426 965 nullam
441 902 572 964 novandi
598 922 644 963 res
663 921 802 967 caussam
821 900 1054 979 invenientibus,
1076 900 1209 963 Romam

170 1002 215 1052 est
232 989 377 1067 adlatum,
401 990 433 1050 in
453 989 631 1051 concionem
653 988 824 1069 prosiliunt,
846 987 1012 1049 sollicitant
1032 987 1129 1069 plebis
1143 986 1209 1049 ani·

64 1102 67 1107 ¹
169 1096 245 1153 mos,
268 1073 364 1137 ‘Hoc
384 1075 459 1137 illud
478 1072 557 1136 esse'
581 1074 765 1153 dictitantes,
789 1074 801 1107 ‘
811 1074 894 1156 qnod
908 1094 968 1136 aera
989 1074 1136 1137 militibus
1150 1073 1212 1137 sint
1221 1076 1377 1127 'hilam

169 1163 180 1195 ‘
195 1161 369 1223 constituta.
393 1182 450 1223 nec
467 1180 500 1221 se
526 1160 678 1239 fefellisse,
697 1161 729 1223 id
745 1161 860 1222 donum
883 1144 1074 1223 inimicorum
1093 1180 1210 1223 veneno
1223 1141 1367 1258 {32¹²

168 1247 314 1309 ‘inlitum
325 1246 402 1309 iore.
445 1244 590 1308 ⁷Venisse
604 1248 776 1309 libertatern
791 1246 910 1329 plebis:
933 1258 1082 1309 remotam
1094 1247 1126 1309 in
1141 1268 1289 1330 per-0215,
1403 1258 1427 1307 ’.
1535 1238 1545 1263 ’

170 1334 321 1432 ‘petuum
336 1345 368 1395 et
381 1333 554 1414 ablegatam
575 1333 613 1393 ab
633 1334 706 1393 urbe
726 1345 759 1395 et
781 1334 821 1394 a‘b
844 1333 1002 1415 republica
1009 1331 1212 1415 juventutem,

171 1421 181 1452 ‘
193 1440 259 1500 Jam
274 1440 312 1480 ne
323 1419 417 1480 hiemi
429 1419 552 1499 quidem
565 1430 617 1481 aut
631 1420 762 1500 tempori
784 1420 856 1480 armi
871 1420 990 1498 cedere,
1005 1440 1043 1482 ac
1059 1421 1167 1484 domos
1181 1433 1214 1483 et

172 1505 246 1566 ‘res
260 1504 387 1566 invisere
397 1524 476 1566 suas.
519 1502 620 1573 Quam
630 1513 772 1585 putarent
787 1506 971 1568 continuata
989 1506 1106 1569 militias
1125 1528 1215 1570 caus·

173 1591 183 1625 ‘
198 1611 263 1653 sam
275 1592 361 1653 esaei
385 1590 499 1652 nnllam
514 1588 654 1671 profecto
673 1588 764 1649 aliam
779 1588 963 1668 inventrros,
982 1612 1074 1674 quam
1089 1614 1129 1656 ne
1142 1593 1217 1676 qnid

174 1677 253 1758 ‘per
281 1676 482 1757 frequentiam
508 1672 652 1756 juvenum
683 1694 800 1751 eorum,
823 1673 984 1756 inquibus
1010 1680 1088 1739 vires
1110 1700 1217 1742 omnes

174 1762 185 1795 ‘
200 1762 296 1844 plebis
311 1773 423 1840 essent
439 1761 488 1844 agi
505 1762 543 1823 de
555 1759 724 1823 commodis
736 1780 841 1823 eorum
856 1771 969 1842 posset.
1012 1758 1125 1825 Vexari
1140 1786 1218 1847 prrs-

174 1849 281 1909 ‘terea
305 1859 336 1909 et
357 1847 455 1929 subigi
482 1848 579 1909 multo
600 1846 708 1926 acrius,
734 1866 827 1929 quam
844 1843 1002 1909 Veientes.
1021 1849 1136 1932 quippe
1150 1851 1219 1913 illos

174 1934 185 1969 ‘
200 1934 333 1999 hiemem
345 1934 399 1995 sub
414 1933 504 1996 tectis
516 1934 577 1995 suis
593 1954 692 2015 agere,
705 1933 834 2016 egregiis
848 1933 942 1995 muris
956 1934 1075 2016 situque
1089 1936 1219 1999 usundi

175 2020 309 2081 ‘urbem
320 2030 454 2083 tutantes
459 2042 470 2098 3
486 2020 615 2083 militem
630 2019 803 2081 Romanum
817 2019 849 2081 in
864 2041 956 2105 apere
965 2041 1001 2082 ac
1013 2021 1128 2101 labore,
1142 2022 1220 2084 nivi-

112 2100 113 2103 *
175 2108 186 2139 ‘
201 2107 258 2168 bus
271 2108 447 2188 pruinisque
462 2106 684 2184 obrutum,·sub
699 2106 827 2188 pellibus
848 2106 966 2184 durare,
979 2108 1141 2172 nebiensis
1153 2107 1220 2191 qui-

177 2192 188 2225 ‘
204 2192 273 2253 dem
289 2192 400 2274 spatio,
420 2213 486 2273 quse
500 2193 637 2254 omniurn
651 2193 801 2255 bellorum
815 2203 897 2255 terra
910 2193 1047 2274 marique
1064 2195 1104 2257 sit
1125 2195 1222 2277 quies,

177 2278 287 2339 ‘arma
301 2279 517 2359 deponentem.
561 2277 632 2340 Hoc
655 2300 753 2361 neque
776 2300 872 2361 reges,
896 2300 995 2362 neque
1009 2281 1221 2344 antetribrnri-

177 2352 283 2425 ‘c'iam
306 2376 491 2445 potestatem
521 2376 654 2427 creatam
681 2365 826 2449 superbos
852 2365 921 2428 illos
950 2367 1098 2446 consules,
1124 2389 1222 2450 neque

177 2450 291 2511 ‘triste
319 2451 476 2513 dictatoris
506 2451 677 2532 imperium,
707 2472 806 2533 neque
832 2452 1012 2533 inportunos
1037 2453 1223 2516 decemviros

103 2566 108 2571 ·
179 2534 370 2617 ‘injunxisse
391 2538 553 2615 servitutis,
576 2550 610 2599 ut
630 2557 792 2620 perennem
804 2538 957 2599 militiam
981 2539 1126 2618 iacerent,
1141 2539 1224 2620 quod

178 2622 189 2655 ‘
204 2623 316 2684 tribuni
328 2624 459 2685 militurn
473 2625 504 2683 in
515 2623 603 2705 plebe
615 2623 756 2686 Romana
770 2644 897 2706 regnum
909 2638 1095 2689 exercerent.
1124 2624 1223 2696 Quid-

178 2709 275 2768 ‘nam
290 2708 334 2769 illi
349 2709 488 2770 consules
502 2709 703 2772 dictatoresve
719 2710 827 2772 facturi
848 2721 960 2788 essent,
983 2712 1033 2793 qui
1058 2731 1224 2795 proconsu-

177 2793 296 2854 ‘larem
324 2795 488 2875 imaginem
509 2805 573 2856 tam
603 2817 710 2858 saevam
733 2817 770 2857 sc
797 2808 915 2858 trucem
935 2797 1084 2860 iecerint?
1113 2796 1176 2859 Sed
1191 2797 1224 2858 id

177 2881 188 2912 ‘
203 2879 340 2940 accidere
351 2881 433 2942 haud
448 2881 599 2944 inmerito.
620 2903 682 2943 non
703 2882 846 2944 fuissene
861 2884 981 2946 in.octo
992 2884 1115 2965 quidem
1128 2885 1224 2946 tribu-

178 2966 188 2998 ‘
203 2965 249 3025 nis
261 2967 391 3028 militurn
403 2966 504 3028 locum
518 2968 572 3028 ulli
584 2967 716 3050 plebeio.
759 2968 862 3030 Antea
875 2970 957 3030 trina
976 2969 1047 3030 ioca
1065 2991 1135 3031 cum
1148 2989 1224 3031 con-

178 3050 340 3112 ‘tentione
355 3071 474 3113 summa
494 3055 639 3134 patricios
662 3055 784 3136 explere
801 3055 926 3115 solitos:
950 3075 1030 3116 nnnc
1049 3054 1116 3135 jam
1136 3069 1226 3118 octo·

99 3201 102 3208 q
179 3136 189 3167 ‘
200 3133 291 3215 juges
303 3137 342 3196 ad
358 3137 487 3217 imperia
495 3138 662 3198 obtinenda
673 3139 731 3215 ire3
749 3151 781 3200 et
792 3159 831 3200 ne
840 3140 872 3200 in
881 3140 971 3201 turba
981 3140 1104 3221 quidem
1113 3141 1226 3201 harere

180 3220 356 3301 ‘plebeium
372 3241 576 3302 quemquam:
600 3222 662 3302 qui,
687 3223 712 3282 si
736 3223 812 3284 nihil
833 3224 927 3301 aliud,
949 3223 1117 3296 admoneat
1131 3224 1225 3285 eolle-

181 3306 280 3386 ‘gas3
302 3305 423 3383 liberos,
454 3318 486 3368 et
512 3307 592 3367 cives
615 3328 730 3384 eorum,
761 3328 823 3369 non
850 3328 963 3385 servos,
986 3309 1128 3386 militare,
1150 3329 1227 3391 quos

181 3392 307 3452 ‘hieme
318 3393 426 3453 saltem
446 3393 478 3453 in
500 3393 607 3454 domos
623 3413 660 3453 ac
681 3404 766 3455 tecta
776 3393 879 3455 reduci
891 3404 1052 3477 oporteat:
1075 3403 1108 3457 ct
1123 3395 1227 3476 aliquo

182 3478 347 3558 ‘tempore
366 3479 438 3538 anni
459 3489 601 3559 parentes
624 3479 793 3560 liberosque
814 3501 851 3541 ac
874 3479 1019 3563 conjuges
1043 3482 1181 3560 invisere,
1195 3489 1228 3542 et

181 3566 192 3598 ‘
208 3583 350 3645 usurpare
365 3563 548 3640 libertatem,
566 3575 597 3625 et
611 3585 713 3626 creare
724 3566 940 3646 magistratus.'
984 3567 1060 3630 Hac
1076 3569 1226 3649 toliaqne⁰

181 3650 383 3712 vociferantes
404 3649 607 3710 adversarium
627 3649 711 3710 haud
730 3650 867 3731 inparem
878 3653 961 3713 nacti
972 3666 1044 3715 sunt
1060 3653 1120 3736 Ap.
1133 3652 1227 3715 Clau·

182 3737 277 3814 dium,
303 3737 442 3798 relictum
466 3757 485 3796 a
500 3735 624 3816 collegis
645 3735 684 3796 od
708 3735 885 3798 tribunicias
906 3737 1070 3801 seditiones
1092 3739 1227 3821 compri-

183 3823 309 3884 mendas
316 3845 326 3900 3
341 3821 587 3890 viruminbutum
598 3819 664 3902 jam
674 3819 849 3902 adjuventa
858 3824 1075 3885 certaminibus
1083 3824 1225 3906 plebeiis:

184 3927 273 3991 quem
285 3921 441 3971 auctorem
452 3908 569 3988 aliquot
584 3907 670 3970 annis
683 3915 753 3970 ante
770 3907 863 3970 fuisse
878 3920 1081 3972 memoratum
1100 3921 1158 3988 est,
1173 3929 1227 3992 per

183 3995 366 4076 collegarum
382 3994 642 4071 intercessionem,
661 3993 829 4056 tribunicias
842 3997 1003 4078 potestatis
1018 3995 1225 4058 dissolvendss.

227 4079 285 4144 lll.
312 4079 426 4144 Istum
445 4080 523 4162 jam,
549 4100 612 4141 non
632 4090 769 4161 promtus
797 4081 920 4164 ingenio
942 4093 1075 4160 tanturn,
1101 4081 1156 4143 scd
1169 4091 1367 4158 umneqonsa

185 4169 277 4230 etiam
303 4167 495 4244 exercitatus,
523 4167 617 4229 talem
646 4166 815 4228 orationem
840 4168 966 4230 habuitr
998 4165 1059 4230 ‘Si
1079 4189 1224 4250 nmquam
1236 4159 1360 4238 speleu·

185 4255 196 4286 ‘
211 4249 382 4332 dubitatum
397 4265 454 4332 est,
474 4253 607 4332 Qurites,
622 4263 723 4314 utrum
744 4253 855 4315 tribuni
869 4255 967 4336 plebis
981 4267 1092 4334 vestra,
1106 4277 1145 4318 an
1160 4276 1226 4335 sna,
1236 4227 1295 4276 ‘¹¹⁰¹‘

186 4338 197 4371 ‘
213 4359 318 4404 canusa
332 4341 516 4406 seditionum
532 4347 652 4422 semper
664 4349 803 4400 auctores
818 4338 941 4421 fuerint,
956 4341 989 4405 id
1002 4363 1060 4424 ego
1073 4342 1134 4406 boc
1145 4362 1226 4406 anno

487 4465 490 4473 ·
519 4435 885 4503 ‘Horatiaquso.MS.Veitb.

502 4539 513 4578 ⁷
532 4535 880 4604 summouentium.
