3175 5200
517 368 596 431 LlB.
610 368 664 433 lll.
685 370 766 435 CAP..
777 368 902 433 xnvn.
1178 379 1246 447 301

197 531 209 566 ‘
221 529 338 594 deforer
347 525 740 609 necseutiquecollegarum
745 526 1110 593 lictoresconrocaturum
1116 530 1156 593 ad
1161 551 1248 597 coer·
1261 555 1293 616 u,
1304 554 1334 605 c,
1345 556 1404 605 aot.

196 620 214 665 ‘·
222 618 334 680 cendos
346 614 503 678 seditionis
524 626 674 677 auctores.
688 626 868 677 contentum
879 636 913 677 se
921 615 982 677 suis
991 614 1153 683 lictoribus
1160 614 1249 700 sore’·
1259 624 1291 673 A.
1303 618 1333 673 0·
1345 618 1402 671 ⁴⁴7·
1515 660 1519 666 ·

197 704 300 775 Quum
328 703 456 765 dilatum
478 714 600 783 tempus
622 696 737 782 injuria
761 713 853 779 esset,
874 702 1127 785 secessissentque
1150 702 1246 769 advoss

200 792 263 853 cati
285 790 402 873 puellae,
428 788 544 871 placuit
558 788 695 851 omnium
709 787 854 873 primum,
877 788 1002 851 fratrem
1029 787 1106 851 lcilli
1133 791 1244 855 lilium·

197 898 256 960 que
270 875 446 953 Numitorii‚
467 874 602 957 inpigros
613 873 750 957 juvenes,
765 894 891 958 pergere
909 874 981 937 inde
995 888 1103 938 recton
1119 880 1160 940 ad
1173 901 1244 964 por-

196 978 271 1043 tam,
286 975 327 1042 et,
343 972 490 1045 quantum
512 962 676 1026 adcelerari
697 973 811 1045 posset,
826 960 998 1044 Virginium
1013 963 1110 1026 adciti
1139 986 1156 1025 e
1174 968 1245 1028 'cas-

196 1051 261 1113 tris.
305 1048 342 1112 lu
357 1070 394 1113 eo
412 1050 487 1113 verti
503 1048 612 1132 'puellas
633 1048 773 1128 salutem,
804 1047 830 1109 si
857 1060 980 1132 postero
996 1048 1047 1111 die
1061 1050 1172 1129 vindex
1196 1053 1245 1115 in·

174 1136 277 1219 “juria
300 1137 354 1199 ad·
370 1142 490 1219 tempus
512 1146 622 1220 praesto
652 1147 741 1197 esset.
784 1132 868 1196 Jussi
901 1148 1045 1220 pergunt,
1082 1134 1245 1223 citatisque

194 1224 278 1305 equis
302 1223 446 1286 nuncium
477 1222 517 1285 ad
536 1232 664 1305 'patrem
688 1220 853 1304 perferunt.
878 1224 903 1261 ¹⁰
919 1222 1021 1293 Quum
1036 1223 1166 1286 instaret
1181 1226 1243 1307 ‘ad-

194 1322 291 1373 sertor
313 1310 431 1393 puellae‚
449 1318 483 1371 ut
507 1308 686 1386 vindicaret,
706 1328 926 1391 sponsoresque
939 1319 954 1349 ¹
970 1308 1077 1389 daret3
1105 1306 1197 1393 atque
1212 1312 1245 1375 id

195 1396 294 1478 ipsum
322 1397 372 1478 agi
399 1396 515 1458 diceret
538 1393 652 1471 Icilius,
677 1394 783 1457 sedulo
806 1407 927 1478 tempus
942 1406 1053 1474 terens,
1077 1395 1150 1457 dum
1165 1410 1242 1482 prae-

195 1484 332 1565 ciperent
362 1483 420 1545 iter
435 1482 538 1545 nuncii
561 1482 644 1545 missi
665 1482 696 1543 in
721 1488 832 1561 castra,
856 1503 963 1543 manus
979 1482 1084 1545 tollere
1108 1483 1243 1566 undique

195 1569 371 1650 multitudo,
386 1577 432 1631 'et
462 1590 494 1631 sc
519 1568 645 1651 quisque
668 1580 808 1650 paratum
835 1567 874 1629 ad
911 1568 1123 1651 spondendum
1152 1567 1242 1633 Icilio

195 1656 363 1717 ostendere.
385 1654 487 1737 Atque
511 1655 562 1716 ille
583 1654 841 1732 lacrimabundus,
856 1652 1011 1718 ‘Gratum
1026 1654 1094 1734 est,'
1119 1656 1240 1739 inquit3

194 1742 354 1805 ‘crastina
368 1741 417 1803 die
432 1754 532 1804 vestra
553 1762 647 1824 opera
670 1754 748 1807 utar.
773 1751 953 1825 sponsorum
972 1762 1052 1805 nunc
1074 1742 1148 1807 satis
1172 1741 1242 1821 est?

193 1824 243 1890 Ita
266 1828 436 1891 vindicatur
462 1826 611 1909 Virginis,
639 1828 860 1911 spondentibus
881 1830 1069 1912 propinquis.
1111 1829 1242 1913 Appius,

193 1913 356 1997 paullisper
389 1925 534 1992 moratus,
568 1934 607 1975 ne
643 1912 707 1995 ejus
743 1914 786 1976 rei
818 1935 927 1977 caussa
947 1915 1059 1979 sedisse
1080 1915 1242 1996 videretur,

191 2012 367 2083 postquam,
393 2000 513 2061 omissis
536 2000 624 2061 rebus
645 2001 712 2062 aliis
727 2022 788 2084 prae
802 2020 876 2063 cura
889 2001 989 2079 unius,
1015 2022 1107 2065 nemo
1122 2002 1240 2081 adibat,
1271 2002 1274 2006 ’

192 2087 317 2149 domum
331 2107 365 2149 se
377 2086 508 2169 recepit3
524 2086 707 2169 collegisque
722 2087 754 2149 in
769 2098 872 2150 castra
886 2088 1003 2166 scribit,
1024 2090 1085 2151 ‘ne
1100 2086 1241 2170 Virginio

191 2172 422 2235 ‘commeabam
438 2172 523 2249 dent,
539 2183 629 2254 atque
644 2172 739 2236 etiam
748 2173 779 2235 in
794 2174 934 2237 custodia
948 2172 1101 2238 babeant?
1132 2172 1240 2258 lnpro·

192 2258 265 2321 bum
291 2258 451 2321 consilium
478 2278 587 2338 senrm,
607 2272 642 2323 ut
665 2260 781 2338 debuit,
812 2260 891 2323 fuit:
915 2272 948 2324 ct
972 2260 1041 2346 jam
1067 2272 1241 2324 commeatu

192 2358 293 2407 sumto
308 2344 462 2428 proiectus
476 2339 630 2427 Virginius
650 2346 750 2429 prima
763 2346 869 2429 vigilia
894 2360 971 2427 erat,
992 2370 1085 2431 quum
1115 2358 1240 2433 postero

193 2431 243 2495 die
254 2452 344 2493 mane
356 2432 394 2494 de
403 2432 563 2494 retinendo
573 2452 611 2494 eo
623 2432 828 2515 nequidquam
844 2434 938 2495 litera
949 2434 1126 2497 redduntur.

234 2516 428 2581 xnv11.nt
447 2518 478 2579 in
494 2518 568 2602 urbe
581 2518 678 2601 prima
700 2519 778 2596 lucc,
793 2540 886 2601 quum
902 2520 1010 2583 civitas
1036 2523 1067 2582 in
1092 2520 1159 2583 soro
1185 2541 1239 2582 ex·
1253 2530 1372 2593 virginiis

190 2605 381 2689 spectatione
397 2615 499 2668 erecta
514 2616 620 2683 staret,
642 2603 797 2688 Virginius
811 2605 984 2671 sordidatus
1001 2611 1025 2647 ¹¹
1036 2607 1132 2670 filiam
1152 2627 1239 2669 suam
1251 2612 1293 2660 Ρ1Ὲο
1303 2597 1348 2645 ⁶¹⁵²
1371 2669 1377 2679 ,

190 2692 330 2754 obsoleta
343 2685 439 2770 veste,
452 2691 668 2754 comitantibus
691 2691 809 2773 aliquot
823 2695 983 2773 matronis,
996 2685 1068 2756 'cum
1085 2698 1110 2733 ¹³
1122 2695 1240 2777 ingenti
1251 2663 1391 2781 ᾞκᾚῗ

189 2777 391 2844 advocatione
415 2779 446 2840 in
477 2777 576 2840 iorum
606 2777 740 2842 deducit.
783 2777 950 2842 Circumire
975 2781 1016 2843 ibi
1044 2792 1076 2844 et
1097 2802 1240 2865 prensare

189 2865 328 2928 homines
344 2865 461 2948 coepit3
495 2876 527 2926 et
556 2885 618 2928 non
634 2887 720 2928 orare
742 2865 842 2928 solum
864 2867 1035 2950 precariam
1061 2889 1163 2952 opens,
1185 2869 1241 2932 sed

188 2973 244 3034 pro
258 2952 362 3015 debita
376 2963 489 3034 petere,
501 2951 511 2984 ‘
521 2948 563 3012 Se
571 2972 627 3034 pro
639 2952 739 3014 liberis
751 2973 856 3014 eorum
866 2974 903 3014 ac
913 2953 1093 3036 conjugibus
1103 2954 1240 3035 quotidie

190 3037 201 3080 ⁴
216 3039 323 3099 inscie
339 3050 439 3102 stare:
455 3059 511 3098 nec
526 3037 619 3099 alium
628 3038 725 3106 virum
737 3059 814 3116 esse,
826 3038 912 3121 cujus
923 3051 1043 3102 strenue
1053 3061 1089 3102 ac
1099 3039 1240 3104 ferociter

190 3123 201 3155 ‘
216 3121 299 3184 sacta
309 3124 340 3184 in
353 3124 434 3185 bello
445 3124 533 3205 plura
544 3125 704 3188 memorari
716 3136 851 3207 possent.
878 3124 961 3194 Quid
973 3126 1128 3207 prodesse,
1142 3127 1180 3202 si,
1191 3125 1238 3186 in-

190 3209 201 3267 ‘.
216 3209 328 3271 columi
339 3211 423 3286 urbe,
435 3229 512 3288 quae,
520 3220 622 3291 capta,
634 3210 924 3286 ultimatimeantur,
936 3211 1039 3272 liberis
1045 3212 1106 3270 suis
1116 3207 1241 3298 sint'pa·

191 3295 200 3330 ‘
217 3293 350 3356 tiendal'
364 3298 389 3333 ¹³
400 3292 474 3356 Hac
493 3309 587 3376 prope
610 3293 878 3356 concionabundus
893 3295 1076 3358 circumibat
1089 3295 1238 3360 homines.

190 3379 311 3444 Similia
337 3380 383 3442 bis
408 3382 446 3442 ab
465 3378 563 3444 ¹Icilio
581 3377 789 3462 jactabantur.
812 3381 977 3444 comitatus
1002 3381 1238 3466 muliebrisplus

190 3468 287 3532 tacito
312 3467 396 3544 fletu,
412 3487 504 3549 quarn
519 3467 582 3530 ulla
595 3487 665 3546 vox,
690 3467 843 3530 movebat.
887 3467 1121 3549 Adversosque
1134 3470 1238 3555 omnia

188 3554 343 3617 obstinato
370 3554 474 3616 animo
501 3553 620 3636 Appius
654 3551 755 3633 (tanta
781 3554 825 3615 vis
852 3556 993 3618 amentiae
1014 3556 1122 3634 verius,
1145 3551 1236 3637 quam
1342 3591 1346 3601 ·

189 3642 313 3718 amoris,
328 3652 463 3703 mentem
475 3640 665 3720 turbaverat)
680 3640 712 3700 in
727 3640 861 3703 tribunal
877 3643 1016 3724 escendit
1028 3652 1064 3703 ἐ
1081 3636 1129 3719 et,
1155 3641 1236 3726 ultro

188 3739 334 3809 querente
346 3748 445 3811 pauca
455 3727 597 3810 petitore,
609 3728 619 3762 ‘
630 3727 712 3809 qnod
722 3724 773 3808 jus
791 3727 849 3789 sibi
864 3729 962 3811 pridie
980 3732 1005 3767 ¹⁴
1019 3749 1073 3811 per
1091 3725 1236 3790 ambitio·

186 3816 196 3850 ⁶
212 3835 283 3878 nem
299 3815 416 3878 dictum
439 3835 501 3876 non
522 3812 622 3892 esset,'
642 3814 818 3897 priusquam
833 3825 886 3876 aut
900 3815 950 3876 ille
965 3814 1152 3898 postulatum
1181 3835 1236 3896 pe·

187 3933 192 3944 ¹
219 3931 302 3972 uracto
309 3925 345 3970 cio
352 3924 414 3985 adp.
431 3922 485 3971 MS.
494 3922 577 3972 Veitli.
607 3928 621 3955 ¹
632 3923 761 3983 cirrdicaret,
772 3924 846 3988 tudes,
852 3924 996 3986 missores,
1003 3937 1072 3985 pens.
1089 3919 1146 3970 MS.
1154 3919 1237 3972 Vsitlr.

184 3991 303 4050 rarcmdit
315 3987 388 4038 Groa.
400 3987 468 4037 Crc'v.
483 3987 539 4038 Ms.
548 3988 629 4037 Veitlr.

219 4081 242 4113 ¹⁰
258 4079 272 4111 ⁸
286 4078 361 4133 Quum
381 4082 474 4128 innaret
495 4087 586 4128 aanor
601 4077 691 4142 purllae]
725 4081 813 4129 habent
834 4080 913 4146 filiam
941 4094 1021 4128 mum.
1077 4075 1235 4126 Consentiunt

187 4143 692 4208 Ouumisquiasaercbatvirginiaminser-
725 4159 806 4195 omncs
816 4146 908 4195 codices
917 4146 999 4193 nostri.
1069 4141 1074 4156 '
1174 4163 1178 4172 ·

186 4209 292 4269 vitarem,
308 4211 404 4260 instaret
415 4209 488 4269 lcilio,
505 4221 531 4258 ut
549 4226 574 4259 rc
584 4209 693 4258 defenso·
760 4211 780 4244 ¹⁸
797 4209 888 4276 Ingenti
900 4207 1049 4271 manricus]
1065 4207 1152 4270 Magna
1166 4208 1234 4256 adro·

186 4287 238 4324 ren
246 4274 358 4325 libertatis
370 4273 454 4340 puelle
469 4276 493 4323 in
507 4273 561 4339 iure
575 4275 694 4342 prolicere·
724 4285 827 4326 catorum
839 4274 999 4324 multitudine.

188 4348 237 4396 tur,
253 4341 402 4404 etdaretqni
415 4341 554 4404 sponderent
569 4343 693 4390 loreutca
760 4339 779 4374 ¹³
797 4339 852 4388 Her
870 4356 936 4402 prope
953 4335 1150 4403 manando]
1171 4337 1233 4388 Hac

186 4404 695 4535 cn...
723 4405 1232 4539 cerm.

564 4507 572 4534 ‚
726 4505 731 4513 ,

185 4545 221 4604 a,
237 4544 299 4586 tene
314 4533 443 4600 Graccus
460 4551 543 4596 coms
557 4548 616 4592 vett.
636 4536 693 4591 editi
723 4536 940 4604 rumora.
