3175 5200
544 384 662 447 LlB.V
690 384 771 447 CAP.
787 386 868 448 Vlll.
1156 399 1216 455 299

176 539 327 627 ‘publicae
355 552 443 605 extra
471 542 608 605 ordinem
629 542 778 625 polliceri,
800 561 854 603 seu
874 540 977 623 Veios,
997 566 1051 609 seu
1075 566 1138 628 quo
1153 548 1260 615 uisu.
1272 562 1301 613 c.
1313 564 1369 616 stt.

176 633 186 664 ‘
201 630 310 693 ducere
323 631 425 691 velint.
447 629 473 689 si
488 626 580 689 Veios
595 628 678 690 ducti
703 627 786 705 sint,'
808 641 934 710 negant,
956 632 967 665 ⁴
982 652 1015 693 se
1030 634 1102 695 inde
1119 636 1214 717 prius,
1226 632 1258 679 A.
1269 628 1298 680 ⁰·
1307 630 1366 679 ⁴⁰⁰·

176 719 293 798 ‘quam
316 728 407 799 capta
421 715 495 777 urbe
510 715 653 792 bostium,
678 714 829 777 redituros
849 714 935 777 esse.'
966 715 1047 779 Tum
1061 740 1133 781 vero
1147 720 1214 802 jam

176 802 402 887 superfundenti
413 822 446 863 se
461 800 572 863 laetitio
585 802 636 861 vix
654 809 854 883 temperatum
875 813 932 864 est.
947 796 1009 864 non
1028 805 1121 883 enim,
1136 807 1216 869 sicut

178 891 304 973 equites,
336 889 409 951 dato
434 887 661 969 magistratibus
692 886 828 967 negotio,
858 886 974 949 laudari
992 888 1092 971 jaresi3
1118 912 1216 975 neque

176 988 229 1039 aut
258 976 289 1036 in
310 975 424 1036 curiam
443 974 554 1051 vocati,
570 972 678 1055 quibus
698 992 877 1055 responsum
891 974 1027 1052 daremr,
1045 987 1099 1039 aut
1114 976 1218 1039 limine

176 1062 264 1125 curia
279 1061 491 1123 continebatur
511 1070 651 1121 sensnm:
676 1059 730 1120 scd
745 1079 801 1141 pro
824 1060 996 1141 aequisque
1011 1080 1051 1122 ex
1065 1063 1217 1143 superiore

176 1150 244 1209 loco
270 1147 310 1209 ad
326 1146 563 1224 multitudinem,
577 1146 607 1206 in
620 1145 746 1207 comitio
761 1158 906 1225 mntem,
927 1166 1004 1207 voce
1017 1148 1218 1231 manibusque

175 1233 344 1316 significare
374 1233 526 1316 publicam
557 1232 703 1293 letitiam.
746 1230 876 1293 &atam
902 1233 1008 1294 urbem
1033 1232 1217 1312 Romanam,

175 1334 207 1383 et
222 1321 377 1397 invictam,
389 1330 422 1381 et
435 1330 577 1397 aeternam
594 1317 647 1379 illa
663 1316 829 1379 concordia
850 1318 972 1380 dicere:
988 1319 1112 1381 laudare
1131 1323 1218 1402 equi-

175 1420 232 1485 tes,
259 1406 381 1468 laudare
413 1405 543 1489 plebem,
580 1404 660 1465 diem
685 1404 784 1487 ipsum
811 1404 950 1467 laudibus
975 1405 1075 1467 ferret
1104 1408 1217 1469 victam

175 1514 241 1554 esse
260 1493 348 1555 fateri
379 1492 556 1553 comitatem
582 1490 861 1571 benignitatemque
889 1500 1023 1553 senatus.
1066 1491 1217 1555 Certatim

175 1578 315 1641 Patribus
337 1578 475 1661 plebique
497 1596 621 1639 manate
646 1576 759 1659 gaudio
773 1576 924 1655 lacrimc3
955 1577 1063 1656 donec,
1091 1598 1216 1641 revoca·

175 1667 215 1728 tis
237 1666 269 1726 in
284 1665 399 1726 surium
416 1662 565 1739 Patribus,
596 1662 892 1725 senatusconsultum
926 1662 1042 1728 fectum
1068 1676 1127 1743 est,
1145 1664 1216 1728 ‘Ut

174 1752 310 1813 ‘tribuni
328 1750 485 1829 militares,
504 1749 650 1811 concione
666 1750 826 1827 advocata,
840 1749 995 1831 peditibus
1004 1751 1217 1832 equitibusque

174 1839 184 1871 ‘
198 1838 314 1919 gratim
330 1847 475 1917 agerent:
498 1854 665 1897 memorem
676 1834 800 1917 pietatis
819 1854 924 1899 somm
935 1839 1150 1919 ergspstriam
1166 1837 1216 1899 di-

173 1925 302 1986 ‘cerent
312 1932 451 1985 senatum
467 1922 540 1983 fore.
549 1921 670 2004 placere
680 1934 793 2000 eutem,
809 1923 948 1985 omnibus
957 1923 1215 1985 bisvoluntariam

173 2011 184 2043 ‘
198 2020 285 2073 extra
296 2006 433 2071 ordinem
444 2008 586 2091 professis
603 2008 745 2069 militiam
767 2012 862 2069 ”aare
871 2007 1057 2091 procedere.'
1071 2021 1105 2071 ct
1118 2011 1214 2090 equiti

172 2108 271 2159 certus
286 2112 426 2157 numerus
447 2095 512 2157 eris
541 2106 588 2156 est
611 2092 797 2175 adsignatus.
815 2093 897 2156 'lum
918 2096 1048 2177 primum
1073 2096 1215 2175 ’‘equis·

174 2201 289 2244 merere
314 2183 431 2262 equites
464 2192 630 2263 caeperunt.
674 2178 869 2243 Voluntarius
910 2182 1020 2244 ductus
1064 2180 1368 2259 exeramstippdum

172 2267 266 2331 Veios
280 2288 342 2330 non
358 2268 468 2329 amissa
494 2266 593 2327 modo·
617 2266 750 2330 restituit
764 2265 868 2349 operi,
893 2268 948 2329 sed
963 2288 1043 2334 nova
1056 2269 1150 2330 enam
1165 2269 1213 2329 in·
1224 2247 1347 2359 ‘iffi'

172 2354 281 2418 stituit.
297 2356 335 2416 ab
357 2354 432 2415 urbe
454 2362 641 2415 commeatus
666 2354 839 2432 intentiore,
855 2374 947 2435 quam
962 2366 1064 2432 antea,
1087 2355 1212 2417 subvehi
1224 2326 1257 2373 ⁰⁶
1339 2343 1345 2358 ⁸

172 2462 266 2517 cura3
290 2440 411 2521 nequid
427 2450 491 2501 tam
502 2440 694 2500 benemerito
704 2440 851 2501 exercitui
866 2440 907 2501 ad
917 2460 1005 2502 usum
1020 2442 1152 2502 deesset.

214 2526 257 2588 Vl
262 2526 300 2587 ll.
324 2525 487 2608 lnsequens
508 2542 602 2585 annus
618 2525 754 2587 tribunos
769 2526 901 2599 militum
924 2526 1074 2587 consulari
1103 2536 1209 2608 potes·
1222 2536 1256 2586 U.
1268 2536 1366 2587 (3.353.

171 2625 237 2678 tate
252 2614 360 2676 habuit
379 2612 414 2674 C.
431 2610 590 2674 Servilium
605 2611 736 2673 Ahalam
758 2613 892 2690 tertium,
918 2612 957 2683 Q.
980 2611 1149 2690 Seruilium,
1173 2611 1209 2673 b.
1221 2601 1362 2678 A·⁰·³⁹.⁹·

169 2700 350 2783 Virginiuru,
374 2699 412 2768 Q.
434 2697 612 2780 Sulpicium,
626 2696 665 2758 A.
681 2696 834 2758 Manlium
859 2700 979 2776 itemm,
995 2697 1053 2760 Μ’.
1069 2695 1209 2780 Sergium
1221 2664 1379 2782 ῧῐῇᾞᾚῇ

169 2789 289 2850 iterum.
310 2786 356 2847 bis
373 2785 512 2862 tribunis,
527 2784 598 2846 dum
620 2803 692 2844 cura
710 2784 848 2845 omnium
863 2785 895 2847 in
907 2782 1019 2846 Veiens
1033 2784 1147 2846 bellurn
1161 2786 1210 2846 in·
1221 2797 1277 2847 Mil.

169 2883 256 2938 tenta
276 2883 333 2950 est,
358 2872 531 2954 neglectum
552 2870 669 2932 Anxuri
696 2871 867 2953 presidium
893 2871 1101 2933 vacationibus
1129 2871 1210 2932 mili·

170 2972 246 3037 tum,
273 2969 305 3020 et
323 2957 450 3020 Volscos
465 2963 649 3018 mercatores
663 2957 753 3038 vulgo
768 2958 965 3038 receptando,
980 2961 1008 2997 ¹⁸
1018 2957 1147 3038 proditis
1162 2977 1211 3017 re·

170 3055 262 3128 pente
274 3055 428 3125 portarum
438 3043 625 3119 custodibus,
637 3042 813 3124 obpressum
828 3055 887 3104 est.
903 3045 1002 3104 minus
1013 3043 1145 3104 militum
1157 3063 1212 3124 pc·

130 3147 137 3162 ·
171 3131 231 3206 riit,
254 3130 326 3211 quia
367 3141 475 3211 praeter
507 3147 602 3208 aegros
632 3128 760 3188 lixarum
788 3129 819 3188 in
856 3128 982 3189 modum
1015 3149 1122 3188 omnes
1159 3147 1214 3209 per

171 3237 260 3298 agros
289 3215 464 3294 vicinasque
493 3215 582 3273 urbes
612 3213 858 3292 negotiabantur.
906 3212 974 3273 Nec
1001 3211 1087 3274 Veiis
1106 3213 1213 3274 melius

170 3315 338 3385 gestares,
361 3299 442 3380 quod
474 3309 539 3360 tum
567 3309 660 3378 caput
687 3299 822 3358 omniurn
856 3317 995 3358 curarum
1025 3298 1214 3381 publicarum

170 3399 245 3451 erat.
267 3407 339 3448 uam
353 3396 386 3448 et
399 3386 493 3446 duces
506 3383 638 3445 Romani
660 3383 728 3464 plus
754 3384 885 3444 interae
905 3384 1028 3464 irarum,
1051 3404 1143 3464 quam
1159 3384 1215 3446 ad·

169 3495 271 3537 versus
291 3474 393 3535 hostes
414 3471 519 3547 animi,
541 3470 730 3532 habuerunt:
758 3480 790 3531 et
810 3481 933 3532 auctum
953 3482 1000 3533 est
1030 3471 1142 3534 bellum
1158 3471 1215 3532 ad-

169 3573 262 3624 ventu
292 3559 451 3644 repentino
482 3555 684 3640 Capenatium
715 3567 806 3638 atque
845 3555 1040 3619 Faliscorum.
1080 3555 1122 3618 lli
1153 3558 1220 3619 duo'

169 3647 297 3711 Etruria
323 3646 437 3730 populi,
466 3644 538 3728 quia
557 3643 687 3726 proximi
710 3644 834 3724 regione
855 3655 951 3721 erant,
971 3644 1100 3706 devictis
1120 3642 1214 3721 Veiis,

169 3734 249 3798 bello
265 3753 384 3816 quoque
408 3731 549 3794 Romano
571 3751 603 3791 se
629 3729 784 3812 proximos
807 3730 872 3791 lore
893 3731 1073 3807 credentes3
1105 3727 1214 3790 Falisci

169 3821 291 3908 propria
312 3821 406 3883 etiam
426 3838 534 3880 caussa
563 3815 781 3898 inseeti,·qu0d
810 3815 952 3878 Fidenati
981 3817 1063 3878 bello
1089 3814 1214 3897 sejam

460 3953 538 4016 'eqeb
546 3953 591 4000 suis
600 3949 672 3998 Doer.
704 3965 767 4012 equos
777 3950 830 3998 MS.
838 3950 921 4000 Veitb.

199 4071 222 4106 θ’
249 4069 307 4119 AEra
330 4065 456 4132 worden]
480 4069 563 4116 Annos
584 4067 676 4116 muisis
708 4067 774 4116 codd.
797 4067 883 4117 babeat
911 4079 991 4128 equor:
1018 4064 1081 4111 uode
1108 4062 1215 4126 suspirari

168 4137 282 4186 numerari
300 4135 394 4200 perinde
410 4145 436 4183 rc
452 4132 676 4182 sistribuuismili·
707 4133 785 4196 possis,
798 4148 851 4194 quw
869 4147 915 4178 seo.
947 4129 1004 4177 Huc
1026 4145 1099 4191 mque
1119 4128 1213 4176 noorlii

168 4213 219 4250 tum
230 4201 376 4251 lectisstem.
410 4197 675 4248 Eodsmscnsulxxt.
708 4199 799 4262 equitas
818 4197 911 4245 fuerent
930 4196 954 4252 ip
971 4193 1108 4243 aerenum
1126 4191 1212 4241 Roma.

170 4269 224 4314 ab.
235 4265 290 4315 dixit
302 4265 495 4328 Liriusstiprndlu
504 4263 626 4325 procedere.
707 4263 752 4322 nir,
767 4279 836 4326 quam
855 4262 938 4324 quibua
950 4261 1004 4324 equi
1014 4259 1098 4324 publici
1107 4259 1212 4323 adgnati
1238 4306 1249 4319 ν,

201 4329 223 4363 ⁹¹
241 4329 408 4394 Eqrrirmnerc]
427 4329 525 4377 Videtur
545 4329 583 4377 bic
602 4329 673 4375 inter·
706 4337 791 4375 essem.
1089 4348 1093 4354 ·

166 4393 293 4460 jiciendum
313 4399 367 4460 anis,
391 4393 583 4458 qtrcntedmodum
603 4404 628 4441 ct
649 4393 672 4439 in
737 4391 760 4426 ὓ
774 4391 873 4440 Proditis
886 4398 974 4453 repente
984 4397 1098 4451 mm
1113 4391 1210 4438 suffodi-

169 4461 270 4525 spirome
285 4461 354 4523 hujus
369 4461 432 4518 libri,
451 4471 475 4508 er
490 4474 558 4524 snpra
568 4461 614 4507 boc
624 4459 673 4520 ipso
704 4457 744 4506 bru
759 4471 879 4520 oppressus
896 4455 939 4518 nt]
957 4455 1033 4519 louge
1049 4455 1093 4505 o'bi
1112 4456 1210 4504 ἰηνὶοω

169 4527 243 4592 capite
269 4525 361 4588 legiae.
412 4523 522 4587 Quaque
549 4539 564 4574 s
589 4523 672 4574 mis
702 4529 968 4586 murmannus.
