3175 5200
464 391 902 459 Lmvtll.'ct1’.··xxx1x
1145 403 1210 460 aas

164 562 375 634 uonpoterot,
398 569 467 614 eum
491 549 603 632 ipsum,
626 550 659 614 in
684 569 746 632 quo
758 548 962 626 constiterat,
985 545 1087 612 locum
1101 550 1210 612 essen
1224 563 1256 616 υ.
1266 566 1297 616 c.
1307 569 1365 620 saa.

158 637 306 700 ,dimetari
325 637 426 721 jussit.
448 640 474 678 ⁹⁸
488 637 521 700 id
544 659 625 716 vero,
645 637 830 702 circumfuso
849 636 983 720 undique
1003 637 1153 718 equitatu,
1174 631 1364 699 orM-³2⁰·

164 723 276 788 vallum
290 736 454 808 peteretur,
476 745 613 808 opusque
634 723 791 807 inciperet,
808 723 874 786 lieri
893 744 956 786 non
969 734 1101 806 poterat.
1146 722 1209 788 lta·

164 831 234 892 que,
248 812 301 876 ubi
316 831 413 894 neque
428 811 531 889 eundi,
551 831 651 894 neque
666 810 811 874 manendi
826 809 949 891 copiam
964 831 1030 871 esse
1042 810 1139 889 ridet,
1161 810 1211 873 in-

158 898 255 970 struit
286 898 395 976 aciem,
427 898 645 980 inpedimentis
679 917 719 958 ex
746 897 870 980 agmine
897 896 1033 960 mmotis.
1055 896 1211 960 instruunt

160 996 273 1048 eontra
287 996 320 1047 et
340 985 453 1063 hostes,
475 995 507 1046 et
521 984 631 1046 animis
646 995 679 1047 et
699 983 812 1047 viribus
826 1003 925 1066 parea.
947 996 1075 1048 auxerat
1090 982 1123 1047 id
1142 1004 1209 1046 ma·

164 1070 246 1132 xime
261 1072 391 1150 animos,
406 1071 500 1152 quod,
515 1071 616 1152 ignari
636 1074 662 1112 '⁸
674 1070 743 1134 loco
759 1071 954 1152 iniquo,·non
970 1070 1064 1148 hosti,
1079 1091 1210 1149 emaum,

160 1157 245 1232 ¹velut
260 1155 411 1240 fugientes
428 1179 471 1220 ac
496 1158 617 1220 territos
642 1156 790 1221 terribiles
811 1158 870 1239 ipsi
885 1156 983 1219 secuti
998 1155 1129 1220 merant.
1172 1155 1211 1219 ld

158 1242 353 1326 ¹aliquamdiu
377 1243 506 1326 aequavit
532 1263 677 1327 pugnam,
693 1241 900 1327 jampridem
920 1243 1049 1306 desecto
1069 1241 1210 1308 Samnite
1223 1264 1335 1315 mettum
1413 1279 1416 1283 ·

163 1329 329 1394 clamorem
355 1329 488 1394 Romani
513 1330 664 1394 exereitus
687 1330 763 1413 peti.
806 1330 861 1409 At,
883 1329 1016 1408 hercule,
1035 1330 1090 1393 illo
1104 1331 1155 1394 die
1169 1331 1362 1412 sbssfofm·

159 1417 241 1482 hora
255 1417 316 1480 diei
336 1417 429 1480 tertio
448 1417 488 1480 ad
508 1427 648 1480 octavam
664 1416 708 1478 ita
722 1437 835 1500 anceps
850 1415 962 1479 dieitur
972 1428 1130 1480 certamen
1144 1431 1209 1480 ste·
1222 1409 1333 1446 martur.

158 1503 248 1582 tlsse,
262 1514 298 1566 ut
311 1524 410 1586 neque
424 1504 550 1583 elamor,
572 1515 607 1566 nt
630 1503 730 1587 primo
754 1504 849 1566 semel
873 1522 1026 1566 concursu
1043 1516 1091 1566 est
1106 1505 1208 1568 subla-

158 1601 224 1668 tus,
239 1590 364 1654 iteratus
379 1591 440 1670 sit,
463 1611 561 1673 neque
576 1591 665 1672 signo
679 1601 823 1673 promota
839 1589 919 1666 loco,
930 1598 1049 1652 retrove
1057 1602 1207 1674 'recepta3

165 1697 262 1759 neque
278 1697 431 1740 recursum
442 1678 487 1740 ab
502 1677 566 1738 ulla
579 1677 620 1739 sit
634 1687 733 1758 parte.
778 1673 815 1738 ln
830 1695 885 1740 suo
900 1675 1027 1756 quisque
1040 1677 1139 1758 gradu
1152 1678 1207 1740 ob·

162 1763 240 1839 nixi,
250 1776 414 1845 urguentes
429 1763 534 1842 scutis,
550 1765 575 1809 '⁷
584 1762 650 1824 sine
664 1761 865 1845 respiratione
879 1780 916 1822 ne
932 1767 1073 1844 respectu
1087 1783 1207 1846 pugna·

163 1849 249 1912 bant.
272 1847 410 1912 fremitus
434 1849 567 1930 aqualis,
580 1860 727 1931 tenorque
743 1849 826 1912 idem
845 1869 955 1932 pugnae
974 1849 1041 1910 ⁹⁸in
1055 1848 1208 1932 defetiga-

163 1934 279 2000 tionem
300 1935 441 1998 ultimam
472 1947 526 1998 aut
557 1947 680 1998 noctem
704 1935 875 2016 spectabat.
928 1931 1002 1996 Jar'n
1024 1935 1097 1998 viris
1117 1937 1207 2015 vires,

157 2020 226 2104 jam
240 2022 319 2085 ferro
334 2043 390 2086 sua
402 2023 458 2100 vis,
478 2021 546 2104 jam
565 2021 693 2086 comilis
708 2021 835 2084 ducibus
855 2021 1002 2083 deeramt
1027 2027 1120 2102 quum
1135 2023 1207 2084 sub-

163 2109 208 2186 ito
226 2107 409 2172 Samnitium
425 2109 555 2190 equites,
575 2128 683 2189 quum,
706 2119 810 2169 turma
831 2126 894 2169 une
915 2107 1037 2189 longius
1052 2112 1208 2190 provecta,

161 2196 365 2278 accepissent,
377 2193 587 2278 inpedimenta
600 2192 810 2256 Romanorum
820 2194 926 2275 procul
944 2193 984 2255 eb
1003 2195 1130 2256 armatis
1141 2196 1208 2259 sine

164 2281 317 2365 prasidio,
330 2282 397 2344 sine
411 2281 604 2344 munimento
620 2292 712 2359 stare,
726 2279 872 2344 aviditate
884 2280 992 2363 prede
1006 2281 1146 2363 inpetum
1160 2282 1206 2344 la·

162 2367 259 2432 ciunt.
303 2366 471 2440 Quodnbi
492 2368 635 2431 dictatori
657 2366 795 2450 trepidus
809 2367 939 2430 nuncios
952 2366 1086 2445 adtulit;
1108 2365 1209 2432 ‘Sine

164 2452 300 2534 ‘modo,'
323 2454 433 2538 inquit,
458 2454 545 2518 ‘sese
559 2455 661 2538 praeda
682 2452 892 2538 prepediant!
907 2453 960 2516 alii
982 2453 1094 2518 deiude
1115 2459 1206 2540 super

164 2543 252 2623 elios,
264 2541 356 2626 diripi
367 2542 480 2624 passim
496 2541 626 2625 ferrique
643 2541 781 2605 fortunas
797 2540 941 2620 militurn,
951 2540 1207 2609 vociferabantur.

162 2626 244 2693 'Ilum
257 2630 404 2711 magistro
417 2630 554 2711 equitum
570 2630 685 2707 adeito,
700 2629 710 2661 ‘
723 2627 818 2692 Vides
828 2627 884 2707 tu,'
900 2629 1010 2709 iuquit,
1033 2630 1043 2663 ‘
1055 2628 1103 2691 M.
1118 2628 1205 2708 Fabi,

163 2716 174 2749 ‘
188 2717 229 2779 ab
241 2716 375 2780 hostium
390 2717 492 2799 equite
506 2715 651 2780 omissam
665 2715 826 2799 pugnam?
851 2715 968 2779 herent
977 2716 1108 2799 inpediti
1118 2717 1207 2801 inpe-

164 2804 174 2837 ‘
191 2802 335 2867 dimentis
350 2803 473 2867 nostris.
515 2802 705 2885 Adgredere,
720 2802 804 2885 quod
818 2800 898 2865 inter
912 2802 1111 2884 praedandum
1121 2804 1207 2866 omni

163 2888 173 2923 ‘
189 2890 379 2953 multitudini
389 2890 502 2969 evenit,
512 2889 699 2972 dissipatos:
723 2910 808 2953 raros
819 2890 906 2971 equis
916 2889 1096 2968 insidentes,
1111 2910 1208 2968 raros,

164 2976 297 3059 ‘quibus
312 2976 427 3041 ferrum
442 2978 474 3039 in
490 2997 583 3039 manu
599 2977 650 3055 sit,
666 2975 824 3039 iuvenies:
847 2994 1002 3057 equosque
1015 2975 1090 3039 dum
1105 2978 1209 3059 praeda

163 3062 328 3140 ‘onerant
353 3063 437 3125 eade
462 3062 603 3139 inemtas,
623 3072 842 3142 ementemque
863 3061 925 3123 illis
944 3061 1078 3142 prodam
1101 3062 1208 3127 redde.

164 3146 274 3211 ‘Mihi
299 3148 436 3231 legiones
462 3148 659 3231 peditumque
689 3168 793 3232 pugna
817 3168 896 3210 curre
917 3158 1026 3209 erunt:
1060 3168 1156 3231 penes
1176 3158 1208 3211 te

165 3234 175 3266 ‘
191 3246 329 3316 equestre
344 3235 386 3299 sit
400 3232 513 3297 decus.¹

206 3318 357 3383 XXXlX.
377 3320 523 3403 quitum
550 3320 640 3399 acics,
667 3320 765 3402 qualis
792 3340 859 3402 que
882 3342 948 3383 esoe
970 3320 1209 3385 instructissima
1219 3331 1355 3384 Vacunae

165 3420 280 3491 potest,
292 3408 412 3475 inrecta
426 3408 458 3469 in
473 3407 637 3489 dissipatos
652 3400 867 3491 inpeditosque
882 3409 999 3487 hostem
1008 3406 1092 3471 caede
1102 3410 1208 3473 omnia
1219 3398 1346 3453 mm·

164 3494 272 3577 replet.
296 3493 377 3557 inter
402 3494 535 3557 sarcinas
559 3494 688 3557 omissas
711 3505 850 3578 repente,
876 3493 1052 3577 objacentes
1075 3494 1207 3579 pedibus

163 3581 346 3663 fugientium
361 3592 685 3663 conetemstorumque
699 3601 859 3663 equorum,
868 3603 968 3664 neque
980 3603 1101 3666 pugna,
1110 3604 1208 3667 neque

163 3667 241 3751 tuga
256 3670 330 3731 satis
344 3678 498 3751 potentes,
513 3668 682 3731 ceduntur.
725 3664 818 3746 Tuum
838 3669 942 3732 deleto
956 3689 1053 3752 prope
1068 3672 1208 3752 equitatu

164 3754 309 3833 hostium,
330 3754 377 3817 M.
401 3754 521 3833 Fabius,
542 3753 767 3819 circumductus
787 3756 957 3839 paullulum
973 3756 1040 3834 slis,
1063 3758 1103 3819 ab
1121 3768 1209 3841 tergo

163 3842 335 3923 pedestrem
362 3842 461 3904 aciem
484 3841 630 3904 adoritur.
654 3842 770 3905 elamor
795 3842 868 3905 inde
892 3863 988 3905 novus
1011 3842 1154 3905 accidens
1177 3856 1210 3906 et

164 3925 348 3993 Samnitium
363 3928 471 3993 terruit
486 3928 624 4006 animos3
642 3941 674 3993 et
685 3928 829 4010 dictator,
843 3929 896 3991 ubi
911 3939 1119 4012 respectantes
1135 3929 1209 3992 hos-

193 4086 215 4123 Ν
231 4084 261 4135 ld
277 4086 338 4151 orm]
359 4088 386 4136 ld
400 4102 464 4145 vero,
480 4102 564 4151 nempe
583 4097 610 4135 nt
630 4103 670 4152 pe·
734 4084 1024 4149 ffl·&m....mpetu]
1042 4086 1076 4135 lte
1098 4099 1126 4136 ut
1141 4102 1212 4137 nemo

162 4162 268 4201 terantur
287 4154 347 4215 ligna
368 4154 396 4202 ad
417 4152 552 4202 struendum
574 4152 670 4217 vallum,
702 4164 851 4217 respectaret,
873 4152 897 4200 id
919 4164 964 4211 est.
988 4163 1114 4202 tetram
1142 4163 1211 4218 caput

161 4216 211 4264 lieri
229 4234 275 4266 non
292 4231 381 4283 poterat
396 4218 426 4266 ob
441 4218 606 4268 circumlatum
625 4235 670 4268 un·
702 4218 826 4282 oculosque
837 4219 949 4267 flectam

162 4282 499 4382 c
577 4348 669 4413 m,
700 4282 785 4397 ..tt
798 4282 1040 4412 namt:-
1049 4282 1210 4397 mm

162 4408 218 4487 ideo
234 4414 327 4462 cenare
342 4366 552 4528 1ῧῖἅῖαώ
574 4414 597 4462 in
619 4413 670 4471 loco
701 4411 810 4473 debetur,
824 4425 852 4462 ut
866 4425 984 4462 certamen
1001 4410 1078 4461 dirimi
1093 4427 1140 4461 om
1157 4428 1210 4478 pot·

162 4476 241 4595 {¹330
254 4488 340 4543 ruent,
355 4493 402 4539 npn
418 4478 478 4545 quod
512 4479 668 4531 usurarius·
700 4478 809 4595 arpini
830 4490 871 4529 sat
887 4476 1149 4542 delednicnsulrims,
1167 4489 1208 4528 rur
