3175 5200
350 332 388 386 84
768 320 853 383 Tl'l'l
872 320 974 383 mvn

183 483 217 535 1¹·
227 484 257 537 C·
266 485 323 535 2⁴⁵·
350 482 392 545 do
404 492 528 547 cautum
541 492 598 562 est,
612 502 660 560 nc,
683 484 696 521 ⁵
710 478 736 540 si
751 479 843 541 ambo
857 478 954 541 fasces
967 477 1125 557 baberent,
1144 477 1314 563 duplicatus
1329 492 1391 543 ter·

184 550 325 604 ΜΨ·
350 592 400 633 ror
414 571 575 635 videretur.
618 567 729 631 Brutus
744 567 837 649 prior,
859 566 1048 629 concedente
1071 564 1198 649 collega,
1220 568 1316 629 fasces
1335 568 1391 629 ba-

350 658 438 722 buit:
464 660 514 742 qui
529 678 590 721 non
614 654 711 717 acrior
733 653 845 716 vindex
867 652 1017 717 libertatis
1038 652 1146 732 fuerat,
1167 674 1259 736 quam
1282 652 1393 717 deinde

349 757 452 809 custos
476 744 543 809 fuit.
587 741 731 805 Omnium
754 740 885 825 primum
909 740 1028 802 avidum
1055 761 1140 803 nova
1162 740 1311 805 libertatis
1334 763 1391 825 po-

184 831 327 899 mimo
349 833 463 917 pulum,
485 852 524 893 ne
537 828 731 915 postmodum
750 826 832 889 flecti
855 826 993 909 precibus
1016 838 1070 889 aut
1094 827 1182 891 donis
1204 828 1294 912 regiis
1320 848 1392 911 pos·

182 900 322 1015 m
349 930 407 997 set,
431 914 627 1001 jurejurando
650 914 765 997 adegit,
787 914 941 975 neminem
964 910 1069 976 Romae
1095 935 1235 997 passuros
1257 936 1394 999 regnare.

182 1046 312 1097 mm,
347 1004 478 1082 Deinde,
493 1024 553 1084 quo
577 1002 644 1087 plus
667 1002 774 1065 vitium
799 1000 831 1061 in
853 1014 961 1063 senatu
983 1000 1152 1083 frequentia
1173 1002 1265 1065 etiarn
1280 1002 1392 1064 ordinis

348 1086 472 1170 facc'ret,
505 1090 636 1153 caedibus
663 1089 740 1172 regis
765 1086 953 1151 deminutum
980 1086 1104 1151 Patrum
1131 1110 1300 1168 numerum,
1330 1088 1392 1171 pri-

181 1196 307 1263 Supptetur
348 1178 480 1241 moribus
508 1177 654 1261 equestris
680 1174 790 1259 gradus
817 1174 913 1253 lectis,
946 1176 986 1238 ad
1014 1187 1217 1239 trecentorum
1241 1196 1390 1239 summam

182 1262 288 1315 SM*
348 1263 517 1348 ‘explevit
532 1264 736 1346 traditumque
751 1262 823 1323 inde
836 1259 940 1340 fertur,
961 1274 997 1326 ut
1011 1262 1042 1325 in
1064 1276 1202 1326 senatum
1222 1265 1391 1325 ⁷vocaren-

252 1412 255 1419 .
347 1366 409 1431 tur,
431 1351 482 1434 qui
505 1349 620 1429 Patres,
642 1350 752 1432 quique
776 1350 941 1433 conscripti
963 1362 1073 1413 essent.
1095 1352 1108 1388 ⁸
1128 1350 1326 1433 conscriptos,
1346 1348 1392 1411 ti-

349 1439 471 1518 delicet,
494 1439 524 1500 in
549 1456 660 1501 novum
687 1447 829 1499 senatum
857 1434 1051 1519 adpellabant
1079 1436 1186 1501 lectos.
1229 1435 1267 1499 Id
1285 1438 1393 1499 mirum

350 1536 495 1611 quantum
508 1524 622 1609 profuit
635 1522 675 1587 sd
688 1521 883 1587 concordiam
897 1522 1028 1585 civitatis
1044 1521 1274 1607 jungendosquc
1295 1522 1393 1587 Patri·

349 1614 406 1677 bus
420 1612 517 1697 plebis
529 1611 657 1675 animos.

181 1727 327 1780 Μή,
394 1697 435 1764 ΙΙ.
457 1699 571 1763 Rerum
597 1697 706 1762 deinde
728 1696 896 1761 divinatum
920 1696 1027 1760 habita
1049 1717 1130 1760 cura.
1149 1709 1192 1776 et,
1214 1698 1286 1780 quia
1311 1718 1392 1780 qua·

180 1795 255 1846 culs·-
349 1788 421 1851 darn
443 1786 566 1872 publica
587 1806 674 1849 sacra
696 1806 750 1869 per
770 1785 852 1869 ipsos
871 1802 955 1867 reges
970 1782 1111 1847 factitata
1124 1796 1221 1863 erant,
1243 1787 1309 1845 'ne
1324 1784 1392 1845 ubi-

348 1874 400 1938 ubi
415 1871 715 1958 regumdosidcrium
738 1882 829 1950 esset,
850 1891 952 1953 regem
975 1870 1174 1934 sacrificulum
1199 1882 1312 1934 creant.
1356 1866 1393 1931 Id
1416 1896 1423 1908 ·

348 1961 552 2025 sacerdotium
565 1958 703 2043 pontifici
719 1961 744 1997 ¹⁰
760 1956 925 2039 subjecere,
938 1960 960 1995 ¹¹
976 1977 1015 2019 ne
1029 1957 1150 2021 additus
1164 1958 1280 2020 nomini
1295 1958 1393 2019 bonos

349 2047 463 2131 aliquid
485 2046 631 2126 libertati,
653 2043 738 2127 cujus
751 2042 835 2107 'tunc
858 2043 958 2126 prima
982 2056 1048 2108 erat
1071 2066 1153 2124 cura,
1181 2043 1335 2107 obiiceret.
1356 2062 1393 2104 ac

350 2140 376 2177 ¹²
391 2135 504 2215 nescio,
538 2154 590 2213 an,
625 2132 715 2195 nimis
742 2131 876 2214 undiquc
903 2150 972 2193 eam
1000 2132 1132 2195 minimis
1161 2152 1279 2214 quoque
1307 2130 1395 2192 rebus

181 2238 308 2291 οοιιιιῐηω
349 2218 524 2301 muniendo,
568 2220 693 2284 modum
730 2217 923 2282 excesserint.
980 2216 1120 2283 Consulis
1155 2220 1236 2281 enim
1263 2218 1395 2294 alterius,

178 2302 339 2387 &Tarquinii
351 2330 443 2393 quum
469 2308 545 2371 nihil
574 2308 655 2370 aliud
679 2306 859 2383 obfenderit,
888 2324 1000 2368 nomen
1028 2307 1156 2369 invisum
1182 2306 1299 2369 civitati
1329 2304 1396 2365 fuit.

180 2386 336 2423 nomentan-
351 2394 511 2458 ‘Nimium
534 2391 716 2474 Tarquinios
736 2412 831 2473 regno
854 2390 1006 2454 adsuesce.
1029 2395 1151 2458 initium
1170 2415 1189 2455 a
1208 2391 1312 2456 Prisco
1331 2391 1395 2453 fac·

351 2484 363 2517 ‘
378 2492 455 2543 tunt.
480 2478 634 2559 Regnasse
648 2478 756 2545 deinde
771 2475 837 2539 Ser.
850 2473 995 2539 Tullium.
1011 2481 1038 2517 ¹³
1049 2500 1088 2540 ne
1102 2480 1261 2541 intervallo
1274 2478 1396 2559 quidem

350 2568 362 2604 ‘
376 2566 460 2631 facto
473 2564 615 2644 oblitum,
631 2575 788 2646 tamquam
802 2560 904 2639 alieni,
913 2564 999 2643 regni
1014 2560 1183 2648 Superbum
1195 2563 1396 2647 Tarquinium

404 2721 442 2772 pt.
473 2701 621 2756 vidnion.
638 2701 656 2752 l.
673 2713 716 2752 ιΙΙ.
732 2719 755 2766 p.
767 2701 822 2751 196.
835 2711 860 2749 et
892 2700 1026 2762 quicitebst
1044 2703 1123 2752 Pure·
1139 2705 1164 2752 in
1180 2703 1275 2760 curiam,
1296 2705 1353 2767 (quo
1367 2704 1397 2750 de
1452 2697 1456 2702 ’

303 2815 305 2824 '
362 2765 708 2894 nimbosum}
721 2767 852 2880 illm
891 2768 1018 2882 ml·
1041 2768 1100 2846 ¹⁸¹⁰·
1120 2769 1234 2882 mn>
1323 2766 1397 2844 “¹³³⁰

351 2901 368 2952 Ι.
379 2915 404 2950 v.
413 2834 621 2968 institutddtoefdde,
632 2911 659 2948 ut
669 2909 792 2960 utrumque
803 2865 861 2946 con:
891 2910 965 2948 taetus
973 2843 1397 2963 cdillditacfiidconrotsddilifnw

351 2965 426 3016 sttleta
447 2965 567 3016 duodecim
586 2965 679 3014 lictores
697 2964 862 3028 precederent,
924 2963 1098 3028 wemno.
1111 2964 1295 3029 nepprlbbsnt]
1315 2964 1397 3012 Postea

351 3034 392 3082 sed
411 3034 443 3082 ite
460 3043 487 3080 ut
505 3030 572 3081 elteri
585 3044 678 3080 secures
689 3043 743 3078 cum
754 3029 860 3092 lucibus,
891 3029 1000 3089 Moab,
1007 3042 1040 3079 ut
1050 3042 1168 3082 tenuem
1179 3044 1261 3078 omnes
1270 3029 1397 3093 monime

352 3097 556 3148 alteritatesmii
566 3099 748 3162 proferrentur:
763 3095 860 3157 singulis
891 3096 972 3145 Patres
982 3096 1102 3162 mseripti
1241 3107 1288 3144 tur.

352 3174 432 3213 autem
452 3163 570 3212 mensibus
588 3176 683 3212 recures
700 3158 742 3209 tibi
762 3160 859 3209 tic'usim
923 3163 935 3198 ⁹
952 3159 987 3209 Ns
1003 3163 1079 3211 ubiubi
1134 3176 1301 3224 equitumque
1319 3159 1344 3209 in
1362 3176 1400 3222 re,

352 3227 447 3292 collegat
472 3229 598 3277 traderent.
643 3227 707 3275 Usus
733 3237 811 3290 postea
835 3226 861 3274 itt
892 3228 1067 3290 quocunqueiu
1113 3243 1136 3276 o.
1168 3227 1206 3275 Sic
1218 3226 1397 3278 Horat.82t.3.
1502 3233 1514 3242 “’

353 3295 436 3344 multis
445 3293 547 3344 mittit.
891 3292 910 3341 l.
925 3304 943 3340 t.
959 3307 983 3339 ν.
994 3295 1033 3342 88.
1049 3308 1147 3341 eum
1162 3293 1281 3340 undando
1298 3295 1398 3344 ocrim.

387 3357 529 3422 ‘Ecpleob1
547 3355 686 3422 Tarquinius
703 3354 797 3410 nmis
813 3367 863 3409 tte·
893 3357 1005 3405 Ceterum
1023 3358 1091 3420 vulgo
1108 3357 1163 3406 editi
1181 3368 1234 3406 unte
1255 3357 1396 3406 Grooorium

354 3435 474 3473 centorum
483 3423 576 3474 Petrum
585 3437 708 3473 numerum
721 3423 862 3486 explerent.
893 3421 1011 3474 habebant
1020 3425 1096 3472 uoeubs'
1104 3439 1113 3481 ς
1129 3423 1216 3488 scripti,
1229 3424 1312 3488 partim
1321 3424 1398 3472 ucubs'

354 3487 779 3540 vid.mnnot.66.tdc.35.l.t.
812 3487 861 3536 Vs·
893 3487 1166 3551 bipertitambiubi.
1198 3487 1398 3538 ludeilleeiletit

355 3567 408 3602 rum
451 3553 547 3616 arquiuii
567 3551 665 3616 Supetbl
686 3553 809 3602 crudelitas
834 3553 863 3600 ad
895 3553 992 3616 idquod
1002 3553 1238 3603 babesincoutextu.

355 3633 407 3668 eam
418 3619 555 3684 paucitatem
563 3617 643 3668 Patres
651 3617 812 3679 redegerat,ut
819 3617 863 3667 boc
928 3617 951 3651 ¹0
959 3618 1081 3681 Sabim]
1095 3619 1187 3668 scivere
1199 3621 1298 3684 insuper,
1308 3634 1339 3668 ne
1349 3617 1400 3679 tegi

355 3696 460 3750 tempore
477 3683 520 3733 toli
541 3698 580 3732 ast
592 3695 617 3734 et
627 3683 718 3748 triginta
729 3699 796 3748 supra
806 3699 863 3733 cett·
894 3683 1020 3732 sacrificulo
1029 3696 1070 3733 aut
1080 3684 1235 3747 mgistratum
1251 3700 1340 3747 gerere,
1358 3695 1400 3732 eut

354 3761 407 3799 tutu
424 3761 580 3800 temnerent.
614 3748 700 3798 Brutus
720 3748 798 3812 igitur,
815 3749 863 3798 sira
894 3741 1021 3798 orationem
1031 3750 1117 3799 babere
1133 3751 1378 3815 adpopuiumliccret.

355 3814 471 3882 Valerius,
493 3815 544 3866 sive
567 3825 675 3878 uterque,
694 3815 781 3863 ratium
799 3814 863 3863 euim
930 3813 950 3847 ¹¹
968 3812 1004 3864 Ne
1016 3817 1107 3866 additus
1122 3819 1205 3864 mini
1220 3814 1295 3878 lom]
1318 3815 1366 3874 Ne,
1380 3813 1400 3862 ri

274 3877 278 3886 '
355 3893 470 3944 sanctores,
485 3891 579 3958 centpm
598 3895 623 3929 st
639 3881 755 3955 amasium
770 3891 863 3957 etqua.
895 3878 982 3956 nomini
993 3897 1035 3946 per
1049 3881 1205 3942 semagnitico
1220 3880 1398 3932 eddereturali·

356 3957 552 4076 bittunt?
552 3945 601 4060 iit
612 3959 733 4074 inin
741 3944 824 4058 {iil
835 3960 865 4059 :12
895 3945 1398 4076 iihiii‘tiii’lii‘iili‘iiinqn

357 4075 425 4140 plebe
440 4091 516 4138 erant,
529 4078 593 4142 prius
606 4076 630 4124 in
646 4075 792 4142 patriciorum
803 4077 864 4124 crdi-
897 4075 959 4125 enim
976 4078 1000 4126 in
1016 4077 1058 4127 brt
1075 4078 1183 4141 loquendi
1199 4077 1296 4126 formula
1313 4077 1346 4125 vit
1365 4088 1401 4126 eat

357 4155 413 4188 nem
440 4141 630 4192 rdetnberentur.
672 4141 800 4207 Dionysius
827 4158 866 4191 eos
896 4142 1044 4207 affittruadi3
1067 4160 1094 4192 tc
1107 4144 1230 4209 supplenda
1243 4143 1400 4208 &particula

357 4221 448 4264 omnes,
462 4209 561 4270 quitum
573 4207 597 4257 in
608 4219 713 4258 matum
724 4207 778 4257 letti
788 4208 866 4269 fuere,
897 4225 949 4256 nort.

357 4269 387 4320 de
398 4269 465 4334 plebe
477 4271 546 4323 fuisse
556 4272 650 4322 scribit:
673 4289 753 4339 parum
769 4274 864 4323 sonasse
930 4273 950 4306 ¹³
967 4275 982 4302 ¹
999 4271 1036 4322 Νι
1046 4276 1160 4323 intertulio
1169 4276 1255 4340 quidm
1261 4273 1338 4340 sums]
1359 4275 1399 4324 Ns

346 4365 349 4370 v
399 4333 515 4386 hebiliter.
548 4335 609 4388 Eum
625 4339 677 4392 side
695 4340 749 4390 bv.
763 4341 862 4390 ctl’lut.
894 4338 1040 4389 interuallum
1066 4341 1169 4404 quidem,
1196 4357 1241 4404 quo
1267 4341 1401 4402 mactarit

395 4397 413 4450 l‘
895 4406 946 4455 Set.
964 4404 1064 4463 Tullius,
1078 4407 1174 4456 efficere
1191 4406 1291 4472 potuisse
1305 4420 1336 4456 ut
1354 4407 1399 4454 Su-

390 4400 460 4516 lll'
478 4463 568 4534 mio]
589 4465 643 4542 Sl·
662 4483 704 4536 tu
723 4485 873 4540 emme
894 4469 978 4539 penu
993 4469 1132 4537 uuquam
1148 4472 1320 4526 numm
1336 4469 1402 4534 reni
