3175 5200
510 348 589 411 LlB.
598 348 640 411 11.
659 349 742 413 CAP.
754 346 882 413 mill·
1162 361 1214 417 121

170 518 372 659 pqtestatem,
393 518 425 575 et
438 510 541 575 omnia
567 510 668 575 invitis
684 508 757 593 jura
772 508 905 594 inposita
917 508 1045 577 Pana*
1060 512 1217 581 demerent
1228 528 1264 647 Η.
1271 529 1304 645 ἓ
1312 536 1372 651 4²3⁶}

170 616 199 659 sr
223 618 245 659 r.
1253 631 1260 646 ·
1294 632 1301 646 ·
1360 630 1368 651 ·

217 682 351 747 XXXV.
372 682 413 750 Et
435 686 553 751 senatui
568 686 657 749 nimis
672 697 760 749 atrox
779 685 847 749 visa
860 687 1010 751 sententia
1024 701 1081 769 est,
1104 703 1135 753 et
1148 692 1214 773 ple·

170 770 248 834 bem
262 773 308 835 ira
320 794 413 857 prope
426 774 571 837 armavit.
614 771 734 837 ‘Fame
747 794 779 837 se
797 772 875 856 jam,
898 773 977 837 sicut
996 775 1109 856 hastos,
1129 780 1214 862 peti3

171 856 275 923 ‘cibo
293 860 433 943 victuque
455 860 608 923 fraudari:
631 860 822 945 peregrinum
845 860 1039 940 frumentum,
1062 885 1126 945 quas
1150 867 1216 928 sols
1319 913 1322 917 -

170 944 182 977 ‘
198 946 349 1010 alimenta
361 968 400 1010 ex
416 948 569 1032 insperato
584 947 707 1012 fortuna
726 948 853 1026 dederit,
868 948 908 1010 ab
924 969 976 1010 ora
992 950 1070 1032 rapi,
1097 951 1155 1013 nisi
1179 950 1216 1014 C.

170 1031 182 1064 ‘
199 1031 322 1097 Marcio
336 1036 431 1099 vincti
447 1036 596 1099 dedantur
610 1036 733 1114 tribuni,
754 1037 780 1081 ⁹⁷
798 1034 856 1097 nisi
880 1034 1020 1117 detergo
1035 1035 1131 1119 plebis
1152 1035 1217 1101 Ro-

168 1118 297 1185 ‘mann
310 1120 450 1185 satisfiat.
492 1122 571 1185 Eur'n
590 1122 647 1185 sibi
671 1120 844 1185 carnificem
862 1142 973 1185 novum
993 1135 1144 1202 oxomum,
1166 1126 1217 1206 qui

168 1204 180 1237 ‘
196 1222 255 1271 aut
269 1209 357 1287 mori,
377 1221 430 1273 aut
445 1210 553 1272 servire
563 1207 691 1292 jubeat’
736 1207 771 1271 ln
786 1225 947 1290 exeuntem
961 1230 979 1270 e
993 1210 1077 1273 curia
1095 1210 1215 1294 inpetus
1222 1219 1258 1287 t.
1268 1221 1370 1276 Mucia

167 1292 275 1359 lactus
285 1307 376 1373 esset,
387 1296 419 1357 ni
429 1307 652 1380 peropportune
663 1296 774 1359 tribuni
786 1296 867 1359 diem
876 1296 1034 1358 dixissent.
1057 1294 1103 1360 lbi
1114 1299 1159 1360 ira
1169 1312 1216 1363 est
1227 1301 1351 1341 ΜΨ·

167 1382 384 1465 subpressas'e
388 1382 523 1465 judicem
533 1382 1092 1467 quisque,se'slominumvitanecisqne
1101 1384 1216 1449 inimici

168 1467 291 1532 lactum
306 1470 453 1539 videbatj
482 1470 669 1534 Contemtim
689 1470 787 1554 primo
806 1468 940 1532 Marcius
961 1471 1105 1535 audiebat
1119 1474 1216 1537 minas
1256 1472 1260 1477 ’

169 1555 373 1635 tribunicias:
398 1558 511 1636 auxilii,
526 1578 586 1621 non
602 1578 709 1640 poenae,
719 1555 769 1638 jus
785 1557 891 1621 datum
905 1556 949 1618 llli
963 1559 1128 1641 potestati3
1151 1560 1215 1643 ple-

170 1642 292 1724 bisque,
322 1666 383 1707 non
410 1644 544 1723 Patnrm,
571 1644 705 1707 tribunos
728 1665 805 1707 esse.
828 1644 883 1706 sed
904 1644 985 1707 adeo
1008 1644 1126 1707 infensa
1150 1658 1216 1709 erat

170 1741 283 1792 coorta
296 1731 393 1814 plebs,
407 1743 442 1795 ut
464 1734 490 1772 ⁹⁸
504 1733 591 1795 unius
606 1752 697 1815 poena
718 1730 943 1814 defungendum
965 1743 1047 1795 esset
1067 1730 1215 1797 Patribus.

170 1812 365 1881 Restiterunt
376 1830 478 1882 tamen
498 1822 524 1859 ⁹⁹
540 1819 666 1881 adversa
683 1818 826 1898 invidia,¹
841 1818 945 1900 usique
960 1830 1030 1882 sunt
1040 1828 1065 1899 ἴ,
1080 1841 1141 1902 qua
1154 1822 1215 1883 suis

168 1902 308 1985 quisque,
323 1925 383 1988 qna
397 1906 491 1970 totius
503 1905 617 1969 ordinis
630 1905 751 1969 viribus.
794 1905 841 1969 Ac
855 1906 954 1989 primo
966 1916 1085 1970 tentata
1096 1928 1143 1969 res
1157 1922 1215 1986 est,

168 1990 209 2067 si,
236 1991 389 2075 dispositis
414 1992 585 2071 clientibus,
610 1992 806 2056 absterrendo
831 1993 964 2075 singulos
989 2014 1008 2054 a
1033 1994 1215 2057 coitionibus

168 2078 368 2161 conciliisque
380 2090 401 2159 ⁸,
419 2079 564 2162 disjicere
574 2100 637 2143 rem
655 2091 788 2163 possent.
818 2076 957 2143 Uuiversi
970 2079 1080 2143 deiude
1094 2102 1216 2165 proces·
1286 2091 1289 2095 ’

167 2184 247 2242 sere,
272 2164 432 2248 (quidquid
455 2178 520 2230 erat
545 2165 678 2244 Patrurn,
703 2188 769 2229 reos
791 2166 918 2247 diceres)
941 2168 1080 2250 precibus
1094 2167 1215 2253 plebem

167 2264 390 2401 exposcepstelm
406 2254 521 2403 ‘nnuqlr
535 2254 591 2316 sibi
607 2254 714 2331 civem,
729 2266 1018 2403 unumdsenatorem,
1032 2255 1057 2402 sli
1069 2252 1215 2317 innocen·

197 2349 301 2401 tensa
538 2360 557 2401 n
976 2339 994 2403 .’

168 2425 221 2487 die
236 2425 321 2489 dicta
334 2360 539 2504 lirlllldddladete,
554 2352 829 2509 pl'ellrellelldlcuerlloein
847 2353 974 2489 ideardsll
1014 2432 1027 2466 ²
1042 2362 1214 2492 llsalrrllllllulll
1224 2415 1353 2498 mon-rm

167 2512 279 2576 absens
300 2514 330 2576 in
350 2511 475 2577 Volscos
489 2513 657 2577 exsulatum
674 2514 760 2591 abiit,
776 2512 920 2575 minitans
934 2514 1049 2595 patria,
1072 2514 1212 2576 hostiles·
1224 2512 1249 2561 ⁵¹¹
1259 2512 1354 2562 ΨΜ·

166 2619 227 2680 que
238 2597 304 2681 jam
319 2613 384 2665 turn
399 2602 520 2684 spiritus
535 2622 651 2684 gerens.
695 2598 875 2663 Venientem
890 2597 994 2663 Volsci
1009 2598 1139 2682 benigne
1158 2578 1357 2694 ex-ssi'fmm

165 2707 295 2770 pepere3
321 2689 537 2770 benigniusque
552 2688 583 2750 in
600 2689 665 2750 dies
683 2687 836 2766 colebant,
850 2708 912 2768 quo
924 2685 1022 2769 major
1037 2687 1082 2749 ira
1097 2687 1127 2749 in
1142 2709 1213 2750 suos
1271 2679 1279 2694 ⁸

165 2773 331 2854 eminebat,
347 2777 516 2857 crebraeque
531 2795 611 2837 nuno
632 2774 769 2857 querela,
788 2793 870 2835 nunc
893 2774 982 2836 minae
1001 2773 1212 2857 percipieban-

167 2873 229 2924 tur.
272 2859 417 2946 Hospitio
435 2863 576 2926 utebatur
595 2861 673 2924 Attii
690 2859 782 2924 Tulli.
826 2859 933 2942 longe
949 2861 977 2922 is
992 2871 1057 2924 turn
1072 2862 1212 2947 princeps

128 2977 129 2982 κ
167 2943 271 3012 Volsci
287 2950 417 3013 nominis
443 2960 520 3028 erat,
543 2947 749 3028 Romanisque
772 2946 1041 3031 semper‘inlestus.
1062 2948 1224 3031 itaquum⁸

168 3036 297 3098 alterum
311 3048 395 3099 vetus
416 3036 531 3114 odium,
551 3035 679 3098 alterurn
701 3034 745 3096 ira
763 3055 867 3097 recens
881 3034 1063 3112 stimularet,
1085 3036 1212 3099 consilia
1298 3087 1301 3092 .

202 3135 660 3220 mannans-musas.
746 3158 1212 3220 :nonsummum

169 3223 218 3270 eius
226 3225 274 3270 ord.
287 3222 342 3270 MS.
352 3221 433 3272 Veitlr.
536 3232 547 3256 ¹
562 3240 577 3270 a
587 3223 720 3270 sontiosn'lms
729 3223 871 3284 consiliisque.
887 3221 940 3269 MS.
950 3219 1031 3270 Veitlr.

202 3319 225 3358 W
239 3318 255 3349 ¹
272 3317 428 3386 n'niueorgo
443 3320 511 3382 plebis
526 3318 628 3368 llomonae
641 3337 675 3368 sa·
739 3315 1212 3382 'DummsnbssasJPruentesnluisse

168 3385 250 3450 tifiot]
259 3385 312 3434 Nisi
320 3385 412 3434 satisfiat
422 3386 474 3434 odio
482 3389 533 3448 elus
544 3386 567 3432 in
574 3383 678 3449 plebem,
707 3384 801 3431 tradunt
810 3382 883 3430 Dion,
894 3382 911 3431 l.
922 3395 969 3431 vn.
980 3397 1005 3432 et
1015 3383 1077 3432 Plut.
1089 3385 1112 3432 in
1124 3385 1210 3436 Coriol.

167 3452 284 3502 serviendo
305 3451 437 3500 verberibus
456 3452 479 3500 in
499 3464 562 3510 terga
583 3451 675 3499 cisium.
707 3447 819 3496 Ceterum
829 3449 901 3497 mults
912 3449 970 3511 spud
981 3449 1076 3501 eosdem
1089 3452 1211 3515 scriptores

169 3517 225 3567 Hoc
237 3517 378 3568 idendicunt
390 3517 482 3580 plebeii,
502 3518 554 3580 quis
571 3515 674 3566 tribuno·
706 3515 765 3562 circa
776 3515 944 3563 damnationem
963 3514 1078 3564 canolam
1094 3529 1156 3578 gasts
1170 3533 1210 3566 re·

165 3595 280 3633 numerat
307 3583 412 3632 inhibere
430 3598 461 3631 ne
474 3583 577 3632 consules
592 3583 675 3646 injutis
706 3581 858 3644 pensaque
878 3596 920 3629 sno
940 3595 1004 3630 more
1026 3582 1105 3630 omisit'
1124 3584 1210 3634 unu.

168 3661 194 3698 et
212 3665 254 3713 pro
271 3600 366 3698 liliolus
384 3649 452 3711 virgis
469 3649 676 3698 animadverterent
707 3645 753 3693 Eos
763 3645 813 3716 vide
824 3645 878 3694 locis
891 3644 980 3713 ciniis,
1006 3645 1061 3696 llos
1078 3663 1151 3696 unum
1168 3649 1225 3697 nn?

170 3716 194 3764 in
210 3717 332 3777 cives,·ct
351 3713 437 3763 mulcta
453 3731 543 3780 quoque
561 3729 676 3772 coercere,
706 3711 843 3768 notabimus,
859 3723 909 3760 tmn
926 3714 1025 3776 primum
1041 3711 1121 3760 habits
1140 3713 1211 3762 lube

86 3789 91 3798 ¹
167 3793 208 3830 sut
219 3782 247 3830 sd
258 3781 334 3846 populi
342 3779 453 3846 judiciuin
470 3782 582 3829 adducere
599 3780 674 3828 credi·
706 3776 900 3840 comitistributs,
917 3779 941 3824 in
959 3778 1040 3841 quibus
1055 3779 1152 3841 populus
1169 3778 1224 3841 per'

167 3856 675 3978 ‘⁰2²0‘tttttttttlgntlff‘t,
705 3842 1115 3972 tlt'ttlfflfflnt
1132 3843 1211 3956 ‘fun

167 3978 297 4042 sdpoensrn
314 3979 406 4035 tradito.
421 3989 484 4026 totus
499 3977 555 4026 ordo
572 3976 674 4040 periculo
704 3987 758 4024 sunt
784 3973 879 4030 tribuni,
908 3974 960 4036 quis
986 3973 1119 4020 centuriatis
1138 3973 1209 4021 romi.

167 4043 453 4094 irnnrinentiexinrendns.
704 4041 751 4100 tiis,
770 4057 822 4104 quse
841 4038 919 4087 Patres
935 4037 1089 4102 postulabant,
1106 4037 1140 4086 sis
1157 4054 1208 4087 orn-

199 4113 221 4148 50
238 4110 439 4174 Adversobrsblia]
456 4107 621 4158 Quamvisillis
631 4107 671 4156 sd-
703 4107 740 4155 uis
759 4122 831 4172 penes
854 4106 964 4167 primoees
985 4112 1057 4164 ent,
1083 4117 1130 4151 non
1151 4106 1208 4154 item

167 4189 303 4238 vetaretur,
315 4175 417 4239 quemvis
431 4177 563 4224 luctondmn
578 4175 621 4224 illis
636 4189 671 4222 es·
704 4174 805 4233 tributis,
827 4171 867 4219 nbi
888 4169 950 4217 nulls
971 4180 1061 4229 cenna,
1083 4169 1124 4217 sed
1143 4170 1206 4219 loco·

166 4243 316 4292 setadversns
335 4243 412 4290 odium
430 4241 554 4306 publicum,
569 4257 614 4304 quo
629 4237 670 4288 fla·
704 4253 756 4286 rum
770 4238 935 4298 regionumque
953 4233 1036 4297 quibus
1054 4235 1149 4298 quisque
1165 4237 1207 4285 ha·

166 4307 242 4368 erubet
250 4308 350 4372 quisquis
361 4307 507 4356 Coriolanum
518 4307 661 4356 defenderet.
702 4297 797 4364 biteret,
819 4302 879 4350 ratio
901 4299 1036 4349 hebebatur.
1074 4299 1114 4350 De
1135 4303 1206 4350 comi·

202 4373 243 4405 ¹⁸
262 4373 341 4436 Unique
357 4373 421 4437 arnt]
439 4374 572 4438 Elegantius
582 4373 669 4421 sidere·
701 4369 740 4417 tiis
764 4367 857 4418 tributis
878 4366 925 4416 vid.
951 4377 1000 4416 not.
1021 4368 1060 4418 1³.
1076 4369 1104 4417 sd
1125 4384 1145 4417 c.
1164 4367 1204 4416 56.

166 4449 220 4488 tur:
236 4439 318 4504 ampo
336 4446 402 4486 nint:
424 4440 607 4492 minitando·
625 4439 668 4487 nisi
701 4433 769 4488 infra.
