3175 5200
195 516 332 572 tutele.

158 632 160 637 ,
194 576 328 637 ΛΟΜ.

362 356 417 417 188
706 404 710 415 ,
743 345 991 414 ·;tt'r1;t1v11

360 515 371 549 ί
463 518 524 533 ’··
609 516 699 549 ·.··
780 516 820 532 ··
899 514 914 531 ·”
982 515 1002 541 -·
1272 522 1303 533 ··

361 516 1397 687 ‹lltlltlltttttqitssqttlfflltltst

354 692 378 758 .‘*
386 712 627 775 unamquamque
632 712 706 770 rem,
714 691 978 773 egitarentdeinde
984 692 1185 775 sermonibus:
1199 692 1396 773 etqueinme·

361 780 372 813 ‘
388 781 481 857 dium,
496 779 568 860 quid
583 779 615 839 in
629 798 748 859 qusque
759 799 791 841 re
807 779 874 863 plus
886 779 1019 842 minusve
1029 790 1120 857 esset,
1131 778 1314 841 conferrent.
1335 778 1396 842 Ilus

361 866 371 899 ‘
386 864 1397 949 legeshsbiturumpopulumRomanum,⁴⁷rptesconsensusomuium

278 973 281 983 ¹
360 951 445 1015 ‘non
453 950 577 1032 jussisse
588 950 665 1013 latas
680 953 889 1035 mugis,quem
900 954 1014 1031 tulisse,
1028 953 1121 1015 videri
1136 952 1260 1036 posset!
1293 952 1418 1024 Quum·

360 1036 399 1097 ed
419 1046 552 1101 mmores
572 1038 730 1101 hominurn
753 1038 791 1101 de
811 1040 1113 1122 unoquoquelegum
1132 1041 1233 1122 cupite
1247 1040 1331 1103 edito
1345 1062 1396 1103 se-

315 1162 317 1170 ·
359 1124 397 1185 tis
424 1134 564 1185 correetae
588 1116 770 1203 viderentur,
794 1126 969 1189 centuriatis
992 1127 1125 1189 comitiis
1144 1126 1250 1189 decem
1276 1127 1395 1191 trebula-

359 1230 424 1271 rum
444 1210 526 1292 leges
540 1210 663 1292 perlatae
679 1223 768 1273 sunt:
792 1213 844 1292 qui
856 1232 947 1273 nunc
969 1232 1099 1295 quoque,
1123 1212 1155 1273 in
1176 1214 1237 1275 hoe
1256 1213 1394 1277 inmenso

358 1296 484 1359 aliarum
500 1317 587 1379 super
607 1297 681 1359 elias
705 1310 912 1360 acervatarum
927 1296 1030 1377 legum
1047 1299 1187 1376 cmnulo,
1205 1298 1272 1361 fons
1295 1301 1395 1363 omnis

358 1382 472 1465 publici
493 1383 660 1467 privatique
682 1394 729 1447 est
749 1383 849 1466 juris.¹
879 1381 1029 1465 Vulgetur
1053 1385 1164 1447 deinde
1186 1404 1299 1463 mmor,
1318 1387 1393 1449 dues

359 1470 463 1533 deesse
474 1471 613 1548 tabulas3
637 1471 742 1552 quibus
768 1469 907 1553 adjectis,
934 1470 1047 1533 absolvi
1070 1490 1161 1553 posse
1183 1472 1267 1535 velut
1288 1492 1395 1554 corpus

358 1558 457 1619 omnis
474 1556 605 1620 Rotnani
622 1556 708 1639 juris.
752 1554 800 1619 lle
822 1558 1023 1641 exspectatio,
1049 1574 1147 1639 quum
1167 1558 1232 1620 dies
1255 1560 1396 1621 comitio-

167 1654 170 1669 '
276 1678 295 1687 .,
358 1665 423 1707 rum
450 1644 716 1727 adpropinquaret,
739 1643 920 1723 desiderium
944 1643 1131 1707 decemviros
1155 1644 1264 1705 itemm
1289 1666 1396 1707 creen-

270 1764 274 1771 ·
358 1730 497 1794 difecit.
540 1730 611 1794 Jem
642 1731 738 1813 plebs,
772 1742 968 1813 preterquam
990 1729 1078 1812 quod·
1093 1731 1250 1793 consulum
1272 1752 1396 1812 nornen,

331 1874 333 1883 Α
354 1818 441 1891 -heud
465 1838 552 1883 secus
572 1838 663 1900 quam
688 1838 804 1901 regum,
828 1838 937 1900 perosa
958 1829 1033 1897 erat,
1061 1838 1100 1879 ne
1119 1818 1313 1881 tribunicium
1327 1818 1395 1900 qui·

359 1905 430 1967 dem
445 1906 600 1985 auxilium,
615 1907 642 1944 ⁴⁸
652 1905 829 1969 cedentibus
844 1905 987 1968 invicem
1002 1902 1228 1988 ttdpellutione‘l
1243 1904 1394 1969 decemvi-

360 1992 410 2072 ris,
426 1994 587 2074 querebat.

402 2078 532 2143 XXXV.
564 2078 726 2161 Postquam
753 2100 824 2141 vero
852 2079 967 2140 comitet
993 2077 1170 2141 decemviris
1196 2080 1333 2141 creandis
1363 2081 1395 2141 in

359 2170 386 2207 ⁴⁹
397 2168 508 2229 trinum
531 2168 698 2230 nundinum
721 2166 836 2227 indicte
858 2177 948 2243 sunt;
980 2169 1007 2205 ⁶⁰
1020 2176 1107 2229 tanta
1126 2166 1239 2229 exarsit
1257 2167 1395 2245 ambitio,

336 2286 339 2295 Δ
359 2265 394 2317 ut
414 2254 559 2338 primores
581 2274 701 2336 quoque
716 2253 847 2315 civitatis
864 2251 962 2329 (metu
975 2254 1077 2330 credo,
1101 2274 1139 2314 ne
1154 2253 1233 2314 tanti
1247 2254 1396 2335 possessio

187 2339 189 2345 ’
244 2358 248 2365 ’
293 2360 296 2366 ·
360 2340 490 2423 imperii,
512 2362 607 2403 vacuo
633 2342 671 2401 ab
688 2362 720 2401 se
742 2339 847 2401 relicto
862 2340 942 2417 loco,
963 2340 1047 2402 haud
1060 2340 1133 2401 setis
1149 2339 1249 2421 dignis
1264 2340 1394 2421 pateret)

313 2462 314 2465 ¹
359 2439 537 2509 prensarent
552 2428 711 2504 homines3
734 2427 891 2504 honorem,
912 2447 1031 2489 summe
1044 2447 1104 2509 ope
1124 2436 1163 2487 α’
1183 2447 1217 2487 se
1237 2426 1397 2508 impugne-

192 2698 238 2761 Ap.
244 2693 334 2750 curtii

190 2761 293 2812 embitio.

357 2524 437 2592 tum,
459 2516 497 2576 eb
517 2534 554 2575 es
573 2514 671 2596 plebe,
687 2534 757 2575 cum
773 2534 833 2593 que
846 2514 1078 2591 contenderant,
1099 2512 1275 2595 suppliciter
1290 2524 1396 2595 peten-

361 2611 417 2662 tes.
461 2605 485 2642 ⁵¹
498 2598 640 2664 Demisss
648 2599 715 2680 jem
730 2601 761 2662 in
778 2601 940 2664 discrimen
956 2601 1100 2682 dignitas,
1115 2622 1153 2662 ea
1166 2611 1267 2678 aetete,
1282 2599 1399 2681 iisque‘

360 2687 523 2752 honoribus
550 2689 637 2766 actis,
664 2687 843 2750 stimulabat
859 2687 920 2771 Ap.
939 2687 1112 2752 Claudium.
1132 2687 1272 2766 nescires,
1295 2697 1396 2748 utrum

539 2820 551 2855 ὖ
561 2821 699 2883 adpellntimri
708 2819 781 2869 Doer.
791 2819 1055 2886 Rnp-cppellatiortem'
1062 2819 1117 2870 MS}
1124 2818 1202 2869 Veitb.

596 2886 724 2936 “adfinem
736 2887 805 2936 Creu.
999 2884 1086 2950 ‘sique
1097 2885 1160 2936 ilerd.

386 3010 408 3047 ⁴⁷
426 3011 441 3040 ⁸
455 3009 515 3067 Qum
549 3027 659 3062 mutemus
683 3013 787 3070 omninum,
816 3028 859 3061 mn
890 3011 978 3074 legibus
1004 3011 1116 3075 regendis,
1143 3009 1191 3059 eise
1213 3009 1305 3074 judiciis
1331 3023 1397 3056 exer-

350 3077 436 3136 iutrirte
453 3077 597 3143 laturmngr'r,
614 3093 679 3140 piam
696 3077 781 3141 tulisse]
804 3077 859 3126 Per·
891 3079 977 3136 tendis,
1014 3078 1061 3127 sive
1092 3076 1193 3126 asendit
1223 3075 1398 3135 megistrnt'tbm,

352 3156 378 3190 re
399 3141 469 3204 leger,
490 3145 663 3205 magistratuum
683 3153 750 3203 ent3
766 3142 860 3207 jubere,
890 3143 1025 3192 trinundino
1053 3154 1108 3192 ante
1133 3141 1212 3190 indici·
1227 3140 1341 3203 solebent,
1371 3136 1397 3187 itt

352 3208 436 3271 populi.
479 3209 527 3258 llic
543 3208 673 3258 Decemviri
696 3208 777 3256 volunt
799 3209 860 3270 leges
890 3210 980 3268 rustici,
1000 3209 1040 3274 qui
1064 3224 1112 3257 non
1131 3209 1182 3256 fere
1201 3207 1227 3254 in
1247 3207 1337 3262 urbem,
1355 3204 1398 3253 nisi

352 3288 430 3334 noves,
445 3289 492 3323 non
507 3275 585 3340 juberi
603 3274 676 3322 solum
687 3289 700 3320 a
711 3273 794 3336 populo
808 3273 860 3322 uni·
891 3275 1009 3337 nundinis,
1029 3275 1160 3332 veniebant,
1178 3287 1228 3320 rem
1244 3286 1333 3320 vereare
1350 3271 1399 3318 ani·

353 3353 426 3402 verso,
448 3342 487 3388 sed
507 3341 672 3404 quodammodo
693 3339 760 3389 ferri.
804 3339 860 3387 Non
892 3340 936 3388 mir
957 3350 983 3388 et
1004 3341 1142 3404 etpendere,
1168 3337 1241 3401 spatio
1262 3338 1325 3394 dete,
1349 3352 1399 3399 pne·

335 3405 415 3452 'enim
431 3405 476 3454 illie
491 3406 545 3456 sutis
556 3419 591 3455 est
607 3404 727 3454 consulere
743 3405 861 3468 poputum,
890 3416 952 3463 tent,
971 3417 1094 3468 antequem
1121 3406 1146 3453 in
1165 3403 1301 3465 suffragium
1322 3401 1400 3450 mitte·

352 3481 431 3516 utrum
441 3471 534 3535 accipiat
552 3486 614 3518 nunc
630 3470 702 3532 leges,
712 3470 801 3532 luqtules
817 3471 860 3534 ipsi
890 3480 981 3519 rentur.

353 3535 510 3596 estedidere3
529 3537 569 3583 red
584 3549 609 3584 et
625 3549 703 3583 earum
723 3549 817 3582 sensum
833 3553 860 3586 ee
921 3535 945 3570 ³⁰
961 3534 976 3565 ⁸
990 3535 1061 3583 Turta
1078 3536 1158 3583 uteret
1175 3532 1273 3596 militie]
1296 3531 1398 3581 Tantum

354 3597 422 3646 rerba
430 3599 495 3662 dirigi
505 3616 530 3650 re
541 3600 601 3648 liniri
611 3600 693 3664 vulpnt
706 3613 736 3648 ex
746 3615 859 3653 conamur
889 3613 1016 3660 tenemen,
1043 3612 1121 3648 tantus
1150 3600 1197 3648 suit
1217 3600 1284 3648 srder
1304 3598 1399 3661 petendi

354 3664 465 3714 omniurn.
566 3685 569 3690 ·
889 3665 991 3716 honoris.
1031 3665 1116 3714 Seduld
1134 3665 1247 3726 distingue
1263 3663 1398 3713 ambitium

312 3750 315 3759 ·
359 3728 406 3762 ‘⁴⁸
424 3729 551 3780 Cederrtilm
574 3729 677 3793 inuicem]
717 3713 859 3780 cedentibus
889 3731 919 3780 eb
940 3733 1031 3779 mnus.
1072 3732 1172 3779 Ambitur
1192 3731 1279 3779 crimen
1300 3739 1344 3787 est,
1372 3737 1397 3774 et

354 3793 396 3842 eibi
414 3793 646 3844 mutuoDecemviris
661 3797 685 3843 in
703 3796 860 3860 appellatione,
889 3798 990 3858 designat
1015 3811 1107 3861 pravae
1143 3796 1274 3858 legibusque
1311 3792 1395 3839 vetitet

353 3861 720 3926 i.e.siquirseseebsliquoex
740 3861 858 3910 iisloesum
889 3863 935 3910 virs
966 3858 1084 3912 effectendi
1123 3861 1219 3926 alieujtte
1254 3859 1398 3920 magistratus

352 3927 545 3995 ratus,collegsm
558 3926 750 3991 ejusnppellrtret.
888 3927 925 3976 vel
948 3928 1045 3992 imperii.
1079 3927 1173 3974 Ambitio
1194 3925 1332 3973 desiderium
1353 3922 1397 3970 bo-

383 3993 406 4029 ⁴⁹
424 3993 516 4042 Tenum
531 3991 668 4054 nundinum]
685 3991 784 4050 Trinutrt
797 4007 858 4041 nun·
888 4008 971 4042 norum
989 3994 1084 4054 indicet,
1101 3992 1141 4041 sed
1160 3991 1278 4040 mnoxium
1296 4005 1322 4038 ac
1340 3987 1398 4049 legi·

352 4057 440 4118 dinum,
455 4059 502 4108 eive
512 4057 681 4116 trinuridinum,
698 4067 747 4104 ertt
765 4057 787 4106 id
797 4067 857 4106 teme
888 4059 979 4108 timum

353 4123 413 4188 poris
436 4124 532 4188 spatium
559 4124 620 4172 intra
648 4121 707 4186 quod
733 4133 770 4170 ter
796 4137 857 4170 nun·
891 4125 896 4132 '
920 4123 941 4156 ⁵¹
959 4121 1067 4186 Deuites]
1080 4121 1398 4188 Apeleudiumcurequae·

354 4185 414 4232 dium
445 4190 579 4250 agebantur.
629 4185 747 4236 Nundinte
779 4199 857 4236 sutem
888 4189 940 4238 dem
963 4199 988 4238 et
1006 4189 1136 4238 sollicitudo
1153 4187 1306 4250 scindatur,
1325 4200 1398 4248 quum

354 4261 416 4297 nono
430 4252 517 4316 queque
536 4254 582 4315 dle,
597 4253 658 4304 unde
678 4254 748 4304 etism
764 4263 857 4315 traxere
888 4251 1399 4314 videretclerissimsrviros,etretate,eisque

353 4327 448 4374 nomen,
466 4321 626 4368 recurrebant:
649 4328 677 4367 ut
698 4319 786 4378 rustici,
805 4328 858 4368 octo
888 4318 1087 4388 honon'btupctis,
1099 4319 1222 4384 demittere
1242 4317 1399 4379 indiscrimen

354 4379 434 4428 diebus
451 4381 541 4441 egrico
570 4385 623 4444 reti,
642 4400 703 4434 nouo
720 4385 756 4434 die
775 4383 800 4432 in
819 4400 858 4433 ur-
889 4384 1022 4444 dignitetem
1047 4402 1120 4435 surm.
1153 4383 1265 4434 Ceterum
1284 4382 1329 4430 boc
1348 4381 1399 4430 loro

354 4444 408 4492 bem
439 4445 542 4494 rendered
588 4450 749 4513 uertendique
792 4465 859 4500 mura
889 4461 951 4499 recte
969 4451 1039 4511 iussit
1047 4451 1236 4519 legiorottcrius
1250 4451 1342 4503 datm
1357 4462 1399 4514 pto

355 4521 518 4566 commearent.
564 4511 636 4579 Igitur
674 4515 774 4578 emitis.
810 4516 859 4572 rire
889 4514 982 4566 dirum
