3175 5200
513 274 916 349 travrjutrrxxvm.
1171 290 1231 361 m

63 478 68 488 ·
189 442 279 507 ‘ulie
294 440 467 507 discrimine
481 438 563 503 beils
576 438 678 521 quari.
700 438 738 501 ab
752 438 850 503 Antio
874 436 1038 519 Sebinnus,
1055 438 1095 503 ab
1109 436 1230 505 samec
1243 442 1277 494 U·
1288 440 1319 495 0-
1329 438 1388 496 dii·

191 531 201 563 ‘
216 526 359 606 Velitras,
370 526 441 591 inde
454 522 621 589 'ibsculum
637 526 773 607 legiones
784 526 902 589 ductas.
934 524 1063 607 latinis,
1077 524 1231 606 Hernicis,
1245 511 1274 559 Α*
1284 509 1315 560 ⁰·
1324 506 1382 559 ³⁷⁷⁶

191 617 201 649 ‘
217 613 406 679 Praenestinis
416 611 483 694 jem
494 611 636 675 intentari
650 626 754 691 armar
769 613 881 675 civium
890 614 987 694 magis
995 630 1087 695 quem
1096 615 1231 677 bestium

135 702 144 715 ‘
194 702 307 777 ‘edim
330 712 365 763 ut
380 696 410 761 in
422 698 514 763 armis
529 708 632 761 ternu
645 699 778 781 plebem,
792 712 850 761 nen
866 700 1013 782 respirare
1032 702 1064 763 in
1083 700 1168 780 urbe,
1179 706 1234 763 aut

191 787 202 821 ‘
216 808 271 871 per
279 787 377 851 otium
389 785 536 849 libertatis
547 783 721 847 meminisse
733 785 846 863 sinant,
860 796 914 847 aut
928 785 1095 849 consistere
1111 787 1144 849 in
1158 806 1233 850 een-

191 874 201 908 ‘
217 866 316 951 tione,
331 873 383 935 ubi
394 868 559 953 sliqusnde
570 871 698 934 audiant
710 884 818 933 venem
832 872 1037 951 tribunicianr,
1052 872 1091 935 de
1106 873 1234 936 levando

194 959 336 1023 ‘iustiore
352 969 384 1023 et
408 959 469 1021 iine
495 958 620 1021 aliarum
648 956 828 1041 injuriarum
853 970 1005 1041 agentem
1049 958 1142 1030 Quod
1155 960 1181 1021 si
1195 961 1237 1021 sit

193 1046 203 1079 ‘
218 1046 337 1107 animus
351 1046 433 1128 piebi
447 1056 565 1107 mernor
579 1054 700 1127 patrum
721 1044 881 1125 libertatis,
891 1068 926 1109 se
940 1065 997 1108 nee
1012 1044 1113 1109 addici
1128 1059 1235 1126 quem-

193 1132 204 1166 ,
338 1133 344 1149 .
723 1131 729 1145 .
909 1133 916 1146 .
985 1149 988 1151 ,

194 1130 1237 1300 ctttrtttbtttttittttiffittintinniit

195 1303 375 1369 ‘minuendi
390 1302 467 1386 ejus,
483 1304 559 1367 sciat
572 1305 788 1386 unusquisque,
804 1304 878 1385 quid
889 1306 946 1383 sui,
961 1306 1036 1386 quid
1058 1305 1149 1367 alieni
1174 1306 1235 1367 sitt

195 1391 352 1473 ‘supersit
366 1391 425 1453 sibi
439 1390 567 1455 libemm
583 1407 703 1473 corpus,
728 1412 767 1451 an
785 1391 817 1452 id
826 1410 947 1472 queque
959 1411 1053 1453 nervo
1069 1390 1235 1453 debeatur!

194 1475 316 1542 Merces
330 1476 486 1541 seditionis
502 1478 661 1560 proposita
685 1476 848 1539 confestim
873 1473 1054 1539 seditionem
1083 1477 1236 1539 excitavit.

194 1583 265 1629 narn
277 1576 310 1627 et
320 1564 538 1627 addicebantur
547 1563 646 1639 multi,
655 1570 688 1625 et
702 1562 742 1624 ad
753 1560 927 1624 Prens'stini
937 1561 1051 1623 famam
1060 1562 1133 1624 belii
1143 1572 1235 1625 norat
1247 1586 1338 1636 &uum

194 1649 329 1731 legiones
344 1648 518 1711 scribendas
533 1646 637 1711 Patres
652 1658 842 1711 censuerant.
857 1668 924 1729 quie
936 1660 1065 1729 utraque
1078 1648 1170 1711 simui
1181 1669 1236 1710 au·
1248 1652 1370 1703 bmni-

194 1735 269 1797 xiiio
294 1735 456 1799 tribunicio
482 1744 515 1797 et
537 1752 687 1797 consensu
716 1734 814 1817 piebis
837 1734 978 1818 impediri
1000 1745 1110 1817 coepta.
1154 1732 1236 1797 Nam
1247 1735 1312 1768 Μ·

194 1838 293 1899 neque
308 1820 378 1882 duci
393 1820 531 1885 addictos
558 1821 671 1883 tribuni
687 1820 838 1899 sinebant,
861 1842 961 1902 neque
987 1820 1236 1902 juniorcsnerni«

193 1904 368 1969 nudabant·
413 1906 513 1978 Quum
539 1905 679 1969 Patribus
703 1907 859 1969 ”minori
879 1925 1009 1989 praesens
1027 1926 1102 1967 eura
1115 1906 1238 1968 credine

75 2070 77 2073 Ι
197 1992 331 2075 pecuniae
368 1992 445 2074 juris
476 1992 673 2073 exsequendi,
707 2013 799 2073 quam
821 1993 968 2071 deiectus,
990 2001 1092 2068 essst3
1126 1993 1239 2075 quippe

192 2076 258 2159 jam
275 2100 294 2139 a
308 2078 457 2141 Praensste
488 2078 677 2161 ¹⁹pmieetes
706 2078 834 2140 hesteri
855 2079 887 2140 in
910 2099 984 2159 agro
1005 2075 1143 2151 Gabipe¹
1164 2098 1239 2139 eon*

196 2164 310 2225 sedisse
340 2164 559 2241 nuueisbatur3
594 2164 716 2226 interim
738 2164 876 2226 tribunos
898 2165 995 2247 piebis
1010 2162 1093 2224 fama
1115 2184 1153 2225 ea
1174 2165 1241 2246 ipsa

196 2251 365 2313 irritaverat
381 2250 479 2331 megia
494 2250 533 2311 ad
548 2262 723 2333 susceptum
745 2262 914 2328 certamen,
935 2270 1027 2331 quarn
1042 2249 1240 2313 deterruerat.

197 2355 296 2417 neque
320 2337 404 2399 aliud
433 2334 473 2399 ad
502 2336 685 2399 seditionem
711 2336 965 2418 exstinguendam
986 2336 1020 2397 in
1041 2336 1127 2415 urbe,
1148 2353 1240 2416 quam

195 2423 946 2591 pmiaiiiiiiutiiriilnoeiiiiiiiir¹peuslieldeiiiiiiieiiiiiist0
959 2508 1149 2584 nunciatum,
1170 2507 1239 2568 nui·

196 2594 259 2659 ium
284 2596 452 2659 exereitum
474 2596 679 2680 conscriptum
707 2595 823 2674 Romae,
845 2595 963 2658 nulium
987 2594 1096 2657 dueem
1122 2605 1239 2656 eertum

195 2701 272 2762 esee,
304 2681 408 2746 Patres
438 2703 473 2745 ae
495 2683 616 2765 piebem
638 2684 671 2744 in
693 2683 877 2765 semetipsos
893 2703 1012 2744 versos:
1047 2681 1240 2743 ssessionem

197 2770 255 2832 reti
277 2769 369 2832 duces
391 2789 509 2847 eorum,
529 2769 640 2851 raptim
666 2770 787 2850 agmine
814 2780 895 2849 aeto,
910 2768 1089 2852 pervastatis
1109 2767 1240 2848 'iprnti-

196 2875 253 2916 nus
268 2857 359 2936 egris,
382 2855 421 2918 sd
446 2867 567 2937 portam
594 2853 747 2918 Collinam
770 2856 860 2936 signa
885 2854 1026 2917 intulere.
1068 2852 1180 2935 iugens
1209 2855 1241 2916 in

196 2940 271 3002 urbe
286 2940 450 3023 trepidatio
465 2941 532 3002 fuit.
547 2940 770 3003 conclamatum
798 2942 808 2974 ‘
824 2940 864 3002 ad
877 2939 983 3018 arma‚'
1003 2959 1241 3020 concursumque

197 3025 229 3088 in
244 3045 346 3088 muros
361 3037 453 3106 atque
467 3037 571 3108 portas
586 3038 648 3087 estr
672 3027 869 3106 tandemque,
892 3027 933 3087 ab
955 3025 1107 3087 seditione
1121 3025 1161 3086 ad
1175 3024 1241 3087 bei·-

196 3110 262 3174 ium
283 3111 371 3188 versi,
391 3111 573 3172 dietstnrem
595 3109 633 3172 Τ.
656 3111 834 3181 Quinctium
859 3110 1075 3172 Cincinnatum
1094 3129 1241 3172 creavere.
1252 3125 1382 3182 monins-

198 3194 229 3258 Is
258 3197 439 3277 magistrum
460 3197 598 3276 equitum
630 3195 669 3257 A.
684 3189 915 3278 ¹Sempronium
945 3195 1123 3257 Atratinum
1152 3195 1301 3258 dimitti*
1310 3194 1383 3241 nas·

198 3283 290 3354 Quod
305 3281 357 3344 ubi
373 3282 510 3344 auditum
525 3293 583 3359 est,
600 3279 717 3362 (mutus
731 3279 797 3364 ejus
819 3281 1015 3364 magistratus
1038 3293 1137 3343 terror
1160 3281 1238 3361 erat)
1252 3271 1298 3309 ω’·

198 3368 290 3431 simui
305 3369 408 3431 hostes
434 3389 453 3444 a
478 3369 627 3430 moenibus
643 3387 805 3446 recessere,
828 3379 862 3431 et
884 3367 1022 3451 juniores
1048 3365 1179 3432 Romani
1201 3367 1242 3430 sd

199 3455 334 3518 edietum
357 3454 423 3516 sine
446 3454 680 3517 retractatione·
713 3473 891 3518 convenere.
933 3453 1016 3517 Dum
1042 3454 1243 3518 conscribitur

85 3605 88 3610 ,
200 3541 306 3604 Romae
332 3541 494 3620 exereitus,
519 3553 619 3604 castre
644 3541 765 3604 interim
781 3541 914 3604 bostium
940 3542 1023 3605 baud
1042 3541 1147 3624 procui
1161 3542 1244 3604 Aiiia

200 3627 324 3690 flumine
336 3627 454 3710 posite:
479 3628 549 3690 inde
564 3613 670 3708 agium
682 3629 743 3692 iate
758 3629 950 3712 populantes,
979 3629 991 3661 ‘
1005 3627 1129 3690 fatalem
1144 3649 1177 3689 se
1191 3649 1243 3689 ur-

198 3715 254 3776 ‘bi
275 3712 422 3778 Romane
442 3714 544 3776 locum
569 3711 706 3796 cepisse:
729 3715 808 3777 inter
822 3735 855 3776 se
882 3714 1056 3776 'setabantr
1090 3712 1243 3775 ‘similem

199 3801 209 3834 ‘
245 3821 366 3863 errorem
396 3795 467 3863 inde
496 3819 532 3862 ae
560 3799 665 3881 fugam
691 3801 767 3878 iore,
804 3821 841 3863 se
915 3800 957 3862 llo
994 3797 1113 3862 Gallico
1142 3797 1244 3862 inerit.

198 3822 359 3965 ‘ditenim
373 3887 399 3948 si
415 3887 508 3965 diem,
524 3897 701 3950 contactum
717 3887 875 3970 reiigione,
889 3887 1101 3969 insignemque
1119 3885 1243 3948 nomirre

349 4026 362 4060 Ρ
373 4020 445 4069 urim
454 4020 477 4068 irr
486 4033 579 4080 presens
588 4018 663 4068 Doer.
805 4019 939 4084 tprqisctus
946 4019 1010 4067 bonis
1020 4019 1090 4068 cm.

371 4085 552 4134 'Summum
561 4083 630 4134 Cres.
822 4083 1071 4133 ‘mutinum

234 4173 254 4206 ¹⁸
275 4173 353 4220 Minor
372 4188 463 4236 praemnr
483 4170 550 4238 cum]
577 4172 706 4222 Gronovius
736 4189 806 4236 quem
824 4187 848 4223 st
867 4174 975 4237 expressit
988 4169 1238 4222 ineditimesuacie·

199 4236 266 4297 irgir,
287 4240 360 4286 mirem
380 4253 481 4300 premnt,
503 4239 551 4287 ie.
570 4239 646 4288 minus
667 4254 707 4286 ur·
737 4239 806 4288 ricus.
837 4237 914 4302 Vulgo
930 4237 1036 4304 profectu
1054 4237 1140 4296 instem
1163 4238 1239 4286 minus

203 4313 388 4431 ‘emissenus
397 4367 473 4431 hstis]
491 4367 562 4418 Hane
572 4383 620 4418 erre
630 4367 705 4421 MSS.
736 4319 750 4352 ε
787 4313 948 4434 ΨΜ]
964 4368 1020 4419 Ure
1031 4379 1111 4420 nnete
1128 4374 1198 4436 pre-rt
1215 4367 1241 4418 in

203 4445 297 4484 menne
318 4431 441 4486 lectionem
460 4435 551 4485 monuit
567 4433 707 4499 Grmorita,
737 4433 858 4488 tenebret
