3175 5200
351 377 357 386 .
405 348 475 405 500·
826 347 910 412 'rm
929 349 1029 412 mvn

240 489 385 547 11·⁰·⁴³³·
407 498 486 564 naus
511 502 630 566 nostin
646 486 844 587 adparuisse,
859 507 1031 588 prastaam
1048 506 1141 569 earm
1163 506 1194 570 n
1219 506 1461 572 summosano

243 557 384 613 A'c'm'
407 589 601 671 conspicitur.
645 588 737 651 Citati
764 591 836 652 inde
860 603 952 671 retro,
967 605 1027 676 qua
1039 605 1195 672 uenerant,
1209 606 1343 678 pergunt
1357 615 1461 677 repe·

399 685 472 748 ,tere
500 675 591 736 viam.
616 695 682 736 earn
699 695 818 757 quoque
843 677 976 739 clausam
990 699 1045 740 sua
1059 679 1146 741 obioe
1162 682 1312 762 armisque
1325 680 1460 742 inveni-

406 771 472 823 unt.
490 761 600 823 sistunt
614 760 684 822 inde
698 762 826 844 gradum
840 763 906 824 sine
919 764 1008 825 ullius
1023 764 1169 847 imperior
1190 777 1358 848 stuporque
1371 787 1454 828 om-

407 846 492 909 nium
515 847 642 926 animos,
669 867 704 909 ae
725 848 808 910 velut
833 859 939 932 torpor
953 849 1076 930 quidam
1091 850 1230 912 insolitus
1245 853 1386 913 membra
1400 861 1458 913 te-

352 969 365 978 ·1
407 943 477 995 net:
492 933 701 1014 intuentesque
711 933 762 995 alii
778 933 853 995 alios
867 934 976 1015 (quum
987 935 1114 996 alterum
1124 937 1253 1017 quisque
1264 948 1450 1020 compotem

407 1019 504 1100 magis
528 1019 660 1081 mentise
683 1039 719 1081 ac
739 1020 857 1081 consilii
882 1019 1051 1098 ducerent)'
1070 1021 1123 1082 diu
1151 1022 1310 1083 inmobiles
1337 1023 1449 1086 silent.

405 1101 526 1167 Deinde
550 1105 601 1166 ubi
630 1107 769 1188 praetoria
798 1106 954 1167 consulum
990 1107 1065 1187 erigi
1100 1106 1212 1183 videre,
1240 1118 1273 1168 et
1297 1108 1451 1191 expedire

406 1185 553 1272 quosdam
581 1191 669 1252 utilia
689 1191 784 1275 operi,
814 1212 996 1273 quamquam
1017 1190 1147 1253 ludibrio
1171 1193 1235 1254 lore
1259 1194 1449 1272 munientes,

404 1277 531 1358 perditis
557 1278 645 1338 rebus
667 1297 702 1338 ac
724 1297 777 1361 spe
799 1277 882 1338 omni
904 1278 1037 1354 ademta,
1050 1278 1240 1355 ·cemebant;
1263 1290 1378 1358 tamem
1401 1299 1445 1341 ne

404 1363 525 1444 culpam
549 1363 636 1424 malis
657 1363 815 1441 adderent,
830 1385 886 1444 pro
907 1385 939 1424 se
965 1362 1100 1444 quisque,
1126 1385 1183 1426 nee
1207 1365 1349 1426 hortante
1374 1365 1442 1426 ullo

402 1449 654 1530 necimperante,
679 1449 718 1510 ad
743 1448 940 1510 muniendum
955 1449 1043 1527 versi,
1058 1460 1157 1510 castra
1181 1460 1305 1531 propter
1327 1469 1444 1532 aquam

400 1532 480 1594 vallo
491 1535 679 1596 circumdant
686 1557 697 1612 3
723 1554 778 1596 sua
792 1535 849 1616 ipsi
878 1553 971 1617 opera
998 1533 1193 1615 laboremque
1215 1535 1330 1597 irritum
1349 1536 1444 1617 (pra-

392 1627 536 1700 vterquam
552 1619 634 1701 quod
660 1619 763 1682 hostes
788 1621 914 1701 superbe
940 1620 1151 1702 increpabant)
1174 1639 1243 1681 oum
1271 1621 1441 1683 miserabili

400 1703 589 1766 confessione
605 1705 770 1768 eludentes.
794 1705 843 1766 Ad
865 1705 1004 1767 eonsules
1033 1717 1169 1782 moestos,
1188 1725 1229 1766 ne
1253 1705 1442 1768 advocantes

301 1801 304 1808 '
400 1789 521 1872 quidem
537 1791 568 1852 in
583 1791 751 1868 consilium,
779 1789 913 1873 (quando
927 1811 984 1852 nee
1000 1792 1127 1852 consilio
1141 1811 1198 1851 nec
1219 1791 1325 1851 surrilis
1343 1792 1439 1852 loeus

400 1875 491 1956 esset)
517 1897 570 1937 sua
587 1888 696 1958 sponte
725 1878 819 1958 legati
843 1898 879 1938 ae
909 1876 1020 1938 tribuni
1035 1876 1236 1937 conveniunt:
1259 1875 1438 1958 militesque

401 1958 466 2021 ad¹¹
494 1962 664 2042 praetorium
689 1962 777 2040 versi,
803 1982 904 2045 opem,
930 1981 1021 2041 quam
1035 1963 1084 2022 vix
1099 1960 1150 2022 Dii
1166 1961 1338 2022 inmortales
1351 1961 1441 2024 ferre

399 2058 551 2128 poterant,
566 2049 604 2109 ab
621 2047 745 2110 ducibus
761 2057 940 2130 exposcunt.

236 2157 362 2210 mnu„
444 2131 499 2196 ΙΙΙ.
521 2132 687 2203 Querentes
710 2133 818 2214 magis,
841 2153 933 2214 quarn
957 2132 1173 2217 consultantes,
1201 2155 1264 2196 nox
1277 2134 1441 2216 obpressit.

233 2226 341 2290 expedia
400 2240 493 2302 quum
508 2241 563 2302 pro
583 2219 705 2302 ingenio
729 2220 854 2302 quisque
877 2219 1039 2282 fremerent
1053 2240 1062 2281 r
1078 2222 1111 2258 '¹¹
1122 2221 1207 2299 alius,
1236 2220 1315 2302 ‘per
1333 2219 1440 2282 obiees

233 2303 387 2361 ΜΡΝ·
400 2307 410 2340 ‘
424 2299 539 2370 viarum
548 2303 569 2383 3‘
586 2305 670 2385 alius,
682 2306 693 2340 ⁴
703 2326 758 2389 per
769 2305 894 2389 adversa
904 2306 1064 2383 montium,
1073 2325 1127 2387 per
1137 2307 1236 2383 silvas,
1253 2309 1277 2344 ¹¹
1291 2325 1352 2388 qua
1365 2304 1440 2367 ferri

399 2393 510 2456 ‘arma
535 2403 687 2476 potemnt,
712 2413 825 2453 eamus.
847 2389 946 2452 Modo
966 2390 1007 2452 ad
1028 2391 1148 2453 hostem
1161 2392 1319 2474 pervenire
1332 2390 1440 2470 liceat,

399 2479 516 2563 ‘quem
538 2500 593 2562 per
608 2481 735 2539 ¹¹annos
756 2477 823 2560 jam
843 2498 937 2560 prope
957 2477 1082 2558 triginta
1108 2477 1300 2555 vincimus‘3
1331 2477 1441 2539 omnia

398 2565 509 2647 ‘aequa
523 2575 555 2627 et
579 2564 771 2647 planaerunt
786 2563 938 2642 Romano,
953 2564 983 2624 in
1005 2561 1152 2646 perfidum
1165 2561 1335 2626 Samnitem
1358 2584 1439 2646 pug-

397 2648 530 2712 ‘nanti.'
554 2650 641 2728 alius,
666 2650 764 2727 ‘Qum
787 2660 841 2711 aut
867 2671 925 2731 qua
941 2650 1065 2712 eamus?
1093 2648 1176 2712 Num
1196 2661 1316 2712 montes
1334 2651 1439 2712 moliri

396 2735 493 2797 ‘sede
515 2756 569 2797 sua
590 2736 755 2818 paramus?
775 2734 858 2797 Dum
878 2736 942 2798 lraec
968 2736 1159 2799 inminebunt
1169 2735 1254 2818 juga,
1270 2757 1331 2819 qua
1346 2749 1381 2797 tu
1395 2736 1440 2797 ad

396 2820 542 2884 ‘hostem
570 2821 693 2883 venies?
722 2820 853 2900 Armati,
877 2820 1016 2899 inermes,
1046 2821 1149 2901 fortes,
1178 2823 1290 2904 ignavi,
1321 2822 1440 2904 pariter

397 2906 528 2969 ‘omnes
543 2907 624 2989 capti
639 2918 730 2989 atque
748 2908 822 2969 victi
837 2928 951 2969 sumus.
983 2905 1032 2968 Ne
1047 2906 1157 2971 ferrum
1168 2910 1290 2989 quidem
1305 2908 1345 2969 ad
1358 2910 1440 2969 bene

397 2994 613 3056 ‘moriendum
638 2994 792 3055 oblaturus
814 3006 862 3055 est
880 2994 996 3060 hostis:
1019 2994 1126 3056 sedens
1144 2996 1258 3057 bellurn
1272 2991 1439 3057 conficiet'

397 3078 457 3141 His
468 3081 499 3141 in
509 3081 606 3142 vicem
621 3081 819 3158 sermonibus,
841 3101 901 3162 qua
915 3079 985 3156 cibi,
1000 3100 1059 3162 qua
1074 3082 1182 3162 quietis
1197 3082 1355 3159 inmemor,
1371 3100 1439 3142 nox

397 3166 547 3249 traducta
558 3179 614 3229 est.
640 3164 688 3229 Ne
704 3164 889 3227 Samnitibus
907 3164 1029 3247 quidem
1045 3168 1204 3229 consilium
1224 3168 1255 3228 in
1269 3178 1334 3227 tam
1358 3164 1438 3231 laetis

316 3310 327 3327 x
397 3253 682 3334 subpetebatrebus.
702 3252 804 3333 itaque
815 3252 943 3313 universi
955 3248 1144 3316 Herennium
1153 3250 1305 3329 Pontium,
1314 3262 1439 3333 patrem
1507 3320 1511 3325 ⁸

396 3337 597 3419 imperatoris,
612 3361 665 3420 per
686 3338 787 3400 literas
808 3337 1024 3401 consulendum
1046 3352 1179 3415 censent.
1201 3336 1273 3400 Jam
1287 3338 1320 3399 is·
1334 3338 1440 3418 gravis

397 3422 483 3483 annis
493 3444 553 3484 non
569 3424 748 3491 militaribus
763 3424 871 3501 solum,
886 3424 940 3485 sed
951 3422 1085 3485 civilibus
1101 3445 1231 3508 quoque,
1246 3424 1439 3485 abscesserat

396 3509 590 3571 muneribus:
614 3510 782 3592 incorpore
797 3519 906 3571 tamen
917 3509 1040 3571 adiecto
1055 3510 1176 3592 vigebat
1190 3512 1233 3571 vis
1248 3508 1340 3570 animi
1353 3528 1437 3569 cou-

396 3593 523 3675 siliique.
569 3592 608 3672 Is,
630 3596 682 3656 ubi
705 3597 834 3678 accepit,
861 3595 900 3656 ad
923 3592 1067 3657 Furculas
1082 3595 1234 3658 Caudinas
1253 3595 1330 3655 inter
1350 3590 1436 3656 duos

396 3680 488 3744 saltus
514 3681 631 3743 clausos
652 3702 717 3743 esse
733 3682 882 3743 exercitus
897 3680 1062 3760 Romanos,
1088 3681 1241 3742 consultus
1267 3680 1307 3740 ab
1319 3679 1438 3741 nuncio

336 3772 342 3789 '
395 3762 596 3846 filii‚'censuit‚
609 3788 713 3829 omnes
725 3767 794 3828 inde
807 3789 898 3849 quam
912 3768 1043 3850 primurn
1055 3765 1440 3828 inviolatosdiminerrdos.

395 3874 461 3937 quse
475 3856 526 3915 ubi
551 3864 653 3937 spreta
677 3854 830 3916 sententia
854 3864 910 3932 est,
937 3853 1116 3934 iterumque,
1139 3852 1248 3915 eodem
1275 3850 1438 3914 remeante

408 3964 890 4052 emmerammianos„
953 3982 1075 4033 sss-u.
1139 3981 1419 4035 emmeramme.

427 4092 450 4127 ¹⁰
473 4092 539 4142 Alius
561 4108 601 4155 per
625 4089 691 4139 obices
715 4094 810 4150 aaran,
836 4090 895 4137 alius
925 4094 1056 4155 atqueejus
1073 4091 1257 4139 emendationem
1273 4090 1350 4137 firma
1366 4089 1438 4137 auti.

390 4172 432 4218 per
462 4160 552 4207 adrem
583 4156 698 4219 mortium]
732 4156 840 4203 Muretus
866 4170 895 4203 ex
927 4156 1046 4218 quissimus
1057 4158 1171 4219 regiorum
1181 4156 1295 4212 codicum,
1310 4154 1439 4205 etSoebu-
1553 4207 1554 4218 2

392 4224 527 4271 auctoritate
553 4237 645 4271 suorum
671 4214 773 4270 codicum
805 4218 896 4269 delebat
926 4220 1001 4269 uictu.
1121 4276 1125 4281 ,
1152 4220 1159 4228 ’

392 4282 490 4333 alterum
513 4289 589 4337 alitur
620 4298 645 4335 et
665 4286 785 4335 subscribit
802 4300 894 4334 naute
958 4283 979 4317 ¹¹¹
995 4282 1127 4344 domjan
1142 4299 1212 4347 propa
1225 4280 1333 4347 triginta]
1348 4284 1442 4335 Anum

392 4346 481 4397 uostris.
925 4348 964 4396 hic
974 4348 1002 4395 ab
1015 4346 1081 4395 initio
1097 4350 1218 4399 Samnitici
1235 4347 1291 4398 belli
1308 4350 1441 4412 rigetium

428 4412 447 4445 ¹¹
461 4410 579 4473 Quusmi
587 4431 649 4461 unna
657 4414 773 4525 potenrnlg
789 4414 896 4477 Plerique
926 4414 1037 4464 muudus
1047 4414 1130 4477 agitur.

390 4476 444 4527 libri
467 4484 575 4539 potsunt.
612 4478 719 4527 &nexit
774 4480 896 4528 renerius:
