3175 5200
552 309 632 379 mt'.
649 314 703 375 Vl.
729 306 815 377 CAP'.
832 314 915 376 vm.
1176 319 1241 385 851

185 479 337 564 ‘collega
346 472 498 541 iacimus?
513 474 641 539 Cunctis
650 476 682 538 in
692 474 933 559 partermuneris
943 473 988 535 sui
999 474 1231 558 benignepolli·
1247 473 1281 527 U·
1292 473 1392 532 csta

185 568 326 631 centibus
351 584 487 650 operam,
503 561 653 640 Valerius,
681 562 781 625 socius
811 560 931 643 imperii
960 560 1068 637 lectus,
1093 560 1229 643 adjecit3
1245 542 1391 597 ‘mm'

184 654 197 689 ‘
213 650 260 715 M.
269 653 392 715 ¹Furium
403 651 459 713 sibi
470 670 527 733 pro
539 650 702 727 dictatore,
717 667 810 729 seque
825 648 854 708 ei
869 667 927 731 pro
936 647 1084 729 magistro
1093 649 1232 729 equitum

185 740 359 803 ‘futurum
383 736 522 815 Proinde,
537 756 629 819 quam
654 735 830 818 opinionem
857 733 896 795 de
925 733 1018 794 unico
1038 734 1232 815 imperatore,

184 827 281 889 ‘'eam
295 846 382 909 spem
396 825 434 886 de
444 823 525 885 bello
534 824 691 891 haberent.
724 818 765 883 Se
777 842 850 882 vero
861 816 1093 904 benc'sperare,'
1116 818 1233 900 Patres,

185 912 199 946 ‘
212 925 245 975 et
257 913 296 974 de
305 912 396 990 bello,
411 911 490 973 etde
505 930 582 994 pace
602 910 802 990 universaque
816 904 993 990 republica,’
1003 906 1097 967 erecti
1109 907 1233 987 gaudio,

184 998 341 1062 fremunt:
365 1000 445 1060 ‘nec
464 997 616 1059 dictatore
639 1006 784 1076 umquam
808 1014 885 1076 opus
909 992 974 1054 fore
995 992 1181 1075 reipublicae,
1205 994 1232 1055 si

185 1085 292 1146 ‘tales
306 1086 386 1147 viros
401 1085 433 1146 in
453 1083 636 1164 magistratu
661 1081 784 1158 babeat,
809 1091 874 1142 tarn
894 1079 1096 1142 concordibus
1105 1077 1232 1160 junctos

185 1165 1234 1256 ‘'animis,parereatqueimperarejuxtaparatos,laudemqueconle·

186 1258 199 1293 ‘
213 1269 314 1320 rentes
325 1258 428 1340 potius
438 1258 468 1317 in
474 1255 621 1329 medium,
633 1274 725 1337 quam
732 1254 931 1316 excommuni
942 1253 983 1315 ad
992 1274 1024 1314 se
1034 1250 1211 1315 trahentes?

229 1342 302 1405 Vll.
323 1343 450 1405 Justitio
460 1341 589 1421 indicto,
599 1341 777 1423 delectuque
791 1340 907 1418 habito,
921 1337 1030 1401 Furius
1046 1360 1083 1400 ac
1094 1336 1233 1401 Valerius

188 1430 229 1493 ad
259 1426 412 1492 Satricum
439 1426 587 1512 profecti:
611 1446 672 1509 quo
701 1448 764 1490 non
793 1424 972 1488 Volscorum
1009 1425 1104 1487 modo
1122 1424 1234 1507 juven-

188 1528 287 1579 tutem
310 1516 451 1578 Antiates
476 1535 515 1577 ex
536 1534 615 1577 nova
636 1514 741 1576 subole
768 1513 891 1591 lectam,
913 1511 968 1574 sed
991 1511 1149 1593 ingentem
1172 1511 1234 1574 La-

188 1603 324 1666 tinomm
340 1600 603 1681 Hemicommque
627 1600 822 1662 conciverant
836 1620 876 1661 ex
890 1599 1092 1681 integerrimis
1114 1598 1237 1661 diutina

188 1709 267 1771 pace
289 1688 419 1771 populis.
461 1688 564 1769 itaque
602 1706 696 1748 novus
718 1686 816 1749 hostis
837 1686 931 1748 veteri
955 1682 1115 1766 adjunctus
1145 1704 1233 1747 com·

189 1776 288 1837 movit
312 1776 428 1836 animos
466 1773 572 1835 militis
595 1770 737 1835 Romani.
781 1772 873 1843 Quod
895 1772 953 1833 -ubi
976 1771 1074 1846 aciem
1091 1769 1158 1852 jam
1183 1771 1233 1833 in'·

188 1861 318 1924 stmenti
333 1858 465 1923 Camillo
482 1860 676 1923 centuriones
691 1859 953 1936 renunciavenrnt,
973 1859 984 1891 ‘
999 1859 1136 1920 turbatas
1151 1858 1233 1920 mili·

187 1948 200 1983 ‘
215 1962 282 2009 tum
293 1959 412 2009 mentes
427 1966 503 2024 esse,
526 1946 661 2028 segniter
676 1967 762 2007 arma
778 1957 881 2028 capta,
896 1943 1186 2025 cunctabundosque
1202 1954 1235 2005 et

126 2094 128 2098 ,
185 2033 421 2096 ‘'³⁸resistentes
430 2054 567 2117 egressos
576 2033 683 2095 castris
692 2052 758 2094 esse
765 2055 775 2110 ;
792 2032 866 2113 quin
875 2051 964 2093 voces
974 2050 1093 2112 quoque
1103 2028 1234 2108 auditas,

185 2120 202 2154 ¹
216 2138 287 2181 cum
297 2120 433 2181 centenis
442 2119 580 2181 hostibus
591 2118 727 2200 singulos
738 2128 945 2202 pugnaturos;
958 2130 1077 2199 etaegre
1086 2117 1240 2179 inermem*

190 2205 337 2267 ‘tantam
353 2205 590 2285 multitudinem,
602 2205 717 2268 nedum
729 2216 892 2282 armatam,
907 2204 1047 2267 sustineri
1059 2225 1148 2288 posse
1157 2202 1179 2282 ς’
1202 2204 1235 2265 in
1353 2265 1357 2275 ,

189 2312 302 2373 equum
312 2292 417 2370 insilit,
429 2304 471 2370 et,
487 2304 560 2354 ante
570 2292 658 2375 signa
669 2294 812 2354 obversus
823 2292 855 2352 in
866 2291 975 2367 aciem,
987 2290 1109 2353 ordines
1120 2291 1236 2353 intere·

189 2378 325 2459 quitans,
345 2378 442 2449 ‘Quae
469 2378 603 2457 tristitia,
626 2378 748 2456 milites,
763 2379 838 2457 haec,
854 2398 920 2459 qua
935 2377 1059 2439 insolita
1073 2376 1232 2440 cunctatio

187 2465 200 2499 ‘
214 2466 285 2527 estl
310 2462 453 2543 Hostem,
468 2486 508 2527 an
518 2485 577 2544 me,
589 2486 628 2527 an
639 2485 692 2527 vos
704 2464 870 2546 ignoratis?
884 2462 992 2527 Hostis
1003 2463 1132 2545 estquid
1141 2462 1234 2542 aliud,
1246 2482 1331 2534 omn,
1340 2484 1388 2536 ca·

189 2551 202 2585 ‘
217 2572 308 2634 quam
318 2564 466 2636 perpetua
480 2552 609 2614 materia
622 2551 741 2614 virtutis
752 2551 916 2634 gloriaeque
930 2550 1061 2614 vestrae?
1081 2548 1145 2614 Vos
1157 2571 1233 2614 con·
1246 2550 1345 2632 nauta
1356 2551 1401 2606 ni·

187 2638 275 2718 ‘tr'a‚
302 2659 351 2700 me
378 2639 465 2717 duce,
493 2637 542 2718 (ut
557 2637 690 2701 Falerios
710 2635 864 2720 Veiosque
888 2649 1007 2723 captos,
1030 2649 1063 2701 et
1086 2638 1118 2700 in
1145 2650 1237 2722 capta
1246 2619 1340 2685 ¹¹¹⁸·-

185 2723 315 2808 ‘patria
339 2722 498 2787 Gallorum
521 2725 657 2806 legiones
681 2746 772 2787 caesas
792 2726 926 2806 taceam)
952 2725 1047 2787 modo
1065 2725 1241 2808 trigemina

187 2810 200 2848 ‘
213 2811 347 2874 victoriae
359 2811 512 2894 triplicem
525 2812 713 2894 triumphum
723 2833 762 2874 ex
776 2811 824 2874 his
836 2811 909 2895 ipsis
920 2808 1052 2891 Volscis,
1067 2813 1106 2875 et'
1114 2809 1236 2894 AEquis,

188 2897 247 2960 ‘et
262 2919 301 2959 ex
312 2897 435 2960 Etruria
449 2899 566 2981 egistis.
609 2898 659 2960 An
674 2919 735 2976 me,
745 2898 831 2980 quod
846 2919 909 2960 non
922 2897 1056 2960 dictator
1068 2899 1165 2976 robis,
1179 2897 1237 2961 sed

187 2981 367 3061 ‘'tribunus,
397 2983 519 3064 signum
541 2984 623 3061 dedi,
638 3005 701 3045 non
717 2985 884 3066 agnoscitis
907 2984 1039 3046 ducem?
1063 3004 1163 3066 neque
1176 3005 1236 3065 ego

188 3068 203 3103 ‘
216 3069 351 3129 maxima
361 3070 491 3150 imperia
502 3070 534 3130 in
548 3089 602 3130 ros
618 3069 778 3131 desidero:
802 3081 836 3132 et
848 3090 903 3131 ros
918 3070 950 3131 in
964 3090 1014 3132 me
1029 3070 1117 3147 nibil,
1128 3080 1236 3152 praeter

188 3154 203 3188 ¹
216 3153 387 3234 meipsum,
399 3154 511 3216 intueri
523 3151 622 3216 decet.
633 3155 825 3235 nequeenim
838 3155 992 3215 dictatura
1003 3154 1078 3215 mibi
1090 3174 1237 3236 umquam

187 3240 337 3302 ‘animos
352 3238 434 3317 lecit,
460 3251 496 3300 ut
514 3261 552 3302 ne
567 3239 707 3301 exsilium
729 3240 853 3321 quidem
879 3239 1005 3302 ademit.
1032 3237 1129 3302 lidem
1143 3241 1238 3323 igitur

188 3327 326 3388 ‘omnes
341 3345 467 3388 sumus:
491 3336 533 3404 et,
548 3345 643 3408 quum
658 3325 766 3387 eadem
783 3327 888 3389 omnia
899 3327 930 3387 in
946 3327 1005 3389 hoc
1019 3326 1135 3390 bellum
1150 3326 1236 3390 adle-

187 3413 330 3491 ‘ramus,
346 3432 413 3493 quae
438 3410 595 3494 inpriore
619 3411 797 3492 adtulimus,
821 3413 965 3476 eumdem
994 3426 1137 3491 eventum
1164 3413 1237 3477 belli

187 3500 202 3535 ‘
215 3499 440 3581 exspectemus.
476 3496 574 3562 Simul
597 3499 822 3579 concurrentis,
836 3500 920 3584 quod
933 3501 1062 3584 quisque
1078 3499 1187 3564 didicit
1200 3520 1239 3564 ac

183 3585 202 3621 '‘
215 3585 385 3664 consuevit,
407 3584 510 3648 faciet.
545 3583 610 3648 Vos
623 3585 761 3665 vincetis,
784 3586 829 3648 illi
844 3586 984 3670 fugient!
1161 3660 1165 3670 .

233 3669 323 3734 Vlll.
343 3670 428 3734 Dato
451 3671 561 3734 deinde
584 3672 683 3754 signo,
707 3695 747 3736 ex
768 3693 849 3756 equo
870 3673 984 3754 desilit,
1009 3686 1042 3738 et
1063 3675 1414 3760 praemonstrata·

190 3758 381 3842 algniferum,
406 3777 499 3820 manu
518 3757 690 3843 adreptum,
702 3781 806 3823 secum
826 3762 858 3823 in
869 3761 991 3824 bostem
1000 3763 1100 3846 rapit3
1125 3763 1238 3843 ‘insen
1249 3771 1313 3810 Μ·

189 3847 204 3881 ‘
218 3843 329 3924 miles,'
349 3845 522 3924 clamitans,
542 3843 708 3928 ‘signum’
723 3847 807 3930 quod
821 3847 873 3909 ubi
887 3847 990 3911 ridere
1006 3848 1107 3932 ipsum
1122 3847 1238 3912 Camil·

191 3931 268 4011 lum,
290 3930 357 4014 jam
376 3932 416 3994 ad
436 3952 564 3994 munera
585 3934 720 4016 corporis
743 3945 869 3997 senecta
884 3934 1061 4014 invalidum,
1075 3935 1239 4000 radentem

188 4019 224 4082 in
236 4019 352 4100 hostes,
361 4031 543 4102 procurrunt
553 4020 666 4102 pariter
675 4041 793 4100 omnes,
802 4021 938 4084 clamore
946 4021 1078 4102 sublato,
1090 4019 1240 4104 ‘Sequere

191 4105 204 4139 ‘
218 4106 447 4189 imperatorem,
459 4127 559 4189 prose
569 4107 695 4188 quisque
706 4106 885 4172 clamantes.
904 4105 1059 4170 Emissum
1070 4108 1164 4171 etiam
1173 4110 1240 4193 sig·

191 4206 268 4254 uam
294 4190 416 4255 Camilli
436 4190 524 4275 jussu
547 4194 580 4256 in
603 4194 737 4257 hostium
759 4195 857 4258 aciem
886 4195 1011 4273 ferunt3
1035 4195 1126 4278 idque
1140 4206 1240 4260 utre·

190 4281 359 4361 peteretur,
390 4279 561 4344 concitatos
597 4281 825 4363 antesignanos.
880 4276 926 4344 Ibi
956 4281 1088 4366 primam
1116 4282 1241 4366 pulsum

190 4363 364 4446 muntem,
390 4378 597 4450 terroremque
620 4389 683 4430 non
704 4368 737 4430 in
761 4369 892 4452 primam
917 4380 1038 4433 tantum
1053 4371 1163 4451 aciem,
1184 4369 1243 4436 scd
1299 4436 1303 4443 ,

232 4475 248 4498 2
424 4471 448 4509 ι·
464 4471 481 4504 ·
497 4471 638 4538 meaa]
655 4458 1013 4540 transmeamus.
1223 4454 1242 4481 ‘¹
1281 4447 1292 4463 ”
