3175 5200
455 375 534 442 tle.
548 377 632 442 VIII.
653 377 737 441 CAP.
749 376 899 439 xxxm.
1149 386 1209 452 ⁴07

163 541 220 586 nen
245 520 452 606 sdperitomm
477 522 542 606 ejus
562 541 624 586 vox
647 521 802 586 audiretur
813 545 823 600 ;
845 543 919 603 uox,
934 525 1017 591 velut
1037 524 1069 588 in
1085 525 1204 608 proelio,
1217 546 1250 597 n,
1263 543 1362 597 cm.

164 607 323 674 certamini
338 609 431 674 finem
446 609 529 673 fecit.
574 607 722 692 Magister
738 610 886 692 equitum,
897 609 999 694 juseue
1014 623 1137 694 postero
1153 613 1203 675 die
1216 614 1246 662 A.
1257 611 1287 663 ⁰·
1298 609 1355 662 ³³²·

163 697 280 776 adesse,
295 717 389 780 quum
411 717 518 760 omnes
541 697 746 776 adfirmarent,
760 697 898 760 infestius
914 697 1065 781 Papirium
1080 720 1203 764 exuran-

163 801 242 864 rum,
267 785 639 868 regitanum-contentione
664 785 731 868 ipss
746 785 1034 868 exacerbatumque,
1058 786 1138 850 ciem
1164 809 1203 851 ex

162 873 269 934 cestrie
283 871 415 934 nomam
430 871 582 955 profugit:
606 884 649 950 et,
664 883 751 956 petre
767 885 891 936 auctore
906 870 954 934 M.
969 869 1076 952 Fabio,
1087 874 1138 955 qui
1154 885 1202 938 ter
1214 890 1362 940 Remmiu-

157 956 225 1041 jem
239 957 345 1024 consul
360 959 550 1040 dictatorque
562 960 672 1038 iireret,
685 970 794 1028 roceto
806 959 961 1043 extempio
975 971 1095 1040 senatu,
1109 979 1203 1042 quum
1211 959 1254 1020 tit·

162 1047 296 1108 maxime
311 1059 543 1128 conquereretur
564 1045 645 1132 apud
670 1045 772 1110 Patres
792 1047 854 1110 vim
876 1058 967 1132 etque
981 1046 1123 1130 injuriam
1137 1047 1202 1110 dic·

162 1133 283 1214 tatoris,
293 1143 416 1218 repente
431 1135 573 1218 strepitus
588 1146 660 1197 ente
674 1135 789 1196 curium
805 1134 946 1196 lictorum
960 1134 1205 1198 submoventium

163 1219 304 1284 auditur:
332 1231 365 1283 et
387 1221 455 1304 ipee⁴
475 1220 610 1286 infensus
635 1221 752 1300 aderet,
775 1233 938 1304 postquem
960 1223 1111 1306 comperit
1131 1242 1203 1303 pro-
1215 1250 1327 1314 Qun„

161 1305 276 1370 sectum
300 1323 339 1370 ex
364 1308 483 1386 cestris,
507 1327 576 1370 cum
597 1309 741 1391 expedito
760 1309 898 1390 equitatu
913 1321 1044 1373 secutus.
1089 1305 1205 1373 Iterate
1214 1319 1320 1366 tiene.

163 1393 274 1459 deinde
289 1395 490 1458 eontenti0¹¹=
514 1405 546 1458 et
561 1395 668 1478 prendi
684 1394 813 1458 Fabium
829 1395 981 1479 Papirius¹
991 1394 1094 1478 jussit.
1138 1393 1201 1459 Ubi

163 1501 267 1562 quum,
291 1481 524 1566 deprecantibus
543 1483 724 1566 primoribus
749 1481 873 1546 Petmm
892 1493 983 1564 utque
1003 1485 1141 1546 universo
1155 1503 1204 1544 se·

161 1578 247 1647 nen,
262 1580 411 1652 perstaret
426 1569 457 1632 in
477 1570 600 1652 incepto
615 1570 731 1632 inmitis
742 1571 861 1632 animus
870 1593 880 1647 ι
904 1581 969 1632 tum
985 1582 1072 1652 peter
1086 1567 1133 1632 M.
1145 1564 1204 1630 Fa-

162 1655 241 1734 bius,
263 1656 273 1688 ‘
289 1653 564 1738 Quandoquidem:
580 1657 689 1737 inquit,
710 1653 818 1738 ‘apud
830 1668 862 1718 te
873 1677 930 1718 nee
941 1657 1105 1718 euetorinus
1115 1675 1204 1718 seua·
1217 1675 1354 1738 mepte

163 1743 174 1774 ‘
189 1753 250 1820 tus,
259 1761 315 1806 nec
328 1754 399 1806 aetee
409 1764 489 1820 mee,
496 1742 545 1804 cui
555 1743 717 1806 orbitatem
727 1763 888 1825 perennet
897 1743 992 1807 virtue
1001 1743 1205 1824 nobiliusque
1216 1745 1259 1793 Ἦ·
1269 1739 1306 1790 1³¹·
1315 1755 1355 1802 ψ

163 1828 326 1910 ‘magistri
351 1830 501 1914 equitum,
525 1850 546 1892 e
569 1839 600 1892 te
626 1829 693 1912 ipso
717 1830 879 1907 nominati,
898 1829 991 1908 velet,
1011 1851 1066 1892 nec
1089 1849 1207 1913 preces,
1217 1809 1297 1878 ΡΜ·

164 1914 255 1997 ‘quae
278 1937 356 1998 serpe
380 1917 501 1980 hostem
525 1917 713 1998 mitigarem,
733 1936 801 1997 quae
818 1915 955 1980 Deorum
977 1917 1038 1979 ires
1062 1917 1188 1998 placant
1195 1938 1206 1993 ;

164 2001 326 2066 ‘tribunos
342 2003 439 2086 piebis
454 2003 586 2086 edpeiio,
601 2017 634 2066 et
649 2023 781 2085 provoco
803 2003 843 2064 ad
863 2003 1019 2086 populum.
1041 2005 1067 2048 ⁷⁸
1078 2021 1208 2082 eumque

164 2089 175 2121 ‘
190 2089 257 2168 tibi,
268 2089 398 2171 fugienti
412 2090 561 2154 exereitus
571 2090 627 2167 tui,
637 2089 764 2171 fugienti
776 2102 900 2152 senatus
905 2087 1068 2170 judicium,
1071 2087 1208 2170 judicem

165 2175 264 2255 ‘fero,
281 2178 332 2258 qui
348 2188 432 2240 certe
447 2195 524 2240 unua
538 2176 618 2257 pius,
628 2196 721 2258 quern
737 2187 790 2236 tue
805 2175 968 2252 dictatura,
983 2185 1086 2258 potest
1099 2173 1208 2258 pollet-

166 2259 1207 2412 1tt·di}‘tentttt‘t't‘tttd§bittit

166 2455 227 2518 quo
242 2457 312 2498 cum
326 2435 431 2519 paucis
445 2437 588 2514 dictetur,
603 2457 674 2498 cum
685 2435 768 2498 omni
781 2436 902 2516 agmine
913 2435 1086 2517 principum
1096 2434 1209 2516 megia-

166 2534 214 2586 ter
229 2522 366 2605 equiturn
381 2543 474 2606 quum
487 2523 689 2603 escendisset,
706 2521 815 2584 deduci
827 2542 898 2584 eum
906 2521 945 2584 de
955 2521 1062 2585 metris
1073 2519 1210 2605 Papirius

165 2610 197 2672 in
222 2622 343 2693 partem
369 2610 542 2677 inferiorern
560 2610 662 2695 jussit.
706 2606 835 2673 Seounm
859 2620 958 2693 peter,
990 2606 1098 2671 ‘Bene
1121 2606 1208 2690 egis,'

165 2696 276 2777 inquit,
297 2698 416 2781 ‘quum
431 2720 470 2761 eo
483 2720 539 2761 nos
555 2696 666 2761 deduci
677 2696 807 2779 jussisti,
818 2695 900 2759 unde
919 2707 952 2757 et
971 2696 1080 2779 priveti
1101 2714 1208 2758 vocem

166 2783 311 2849 ‘mittere
321 2784 500 2868 possemus:
523 2783 594 2847 Ibi¹¹
608 2785 709 2867 primo
724 2804 786 2845 non
802 2795 868 2847 tam
883 2782 1210 2867 perpetraeomtioues,
1291 2817 1295 2822 =

167 2886 260 2953 quem
276 2871 444 2951 altercatio,
455 2872 706 2937 enerrdiebantur.
749 2866 835 2933 Vieit
849 2870 960 2933 deiude
974 2870 1137 2952 strepitum
1150 2887 1212 2931 vox

166 2970 199 3021 et
224 2958 397 3039 indignatio
420 2956 506 3021 Fabii
527 2957 619 3035 senis,
643 2957 831 3038 increpentia
851 2956 1026 3037 superbiam
1045 2955 1209 3017 crudeiita-
1223 2966 1359 3022 renuente

168 3056 291 3125 temque
309 3036 440 3126 Pepiriir
464 3045 474 3077 ⁴
490 3042 532 3105 Se
546 3062 668 3124 quoque
683 3042 865 3105 dictatorern
880 3040 986 3105 Rome
1001 3039 1105 3117 fuisse,
1120 3062 1177 3103 nee
1186 3062 1212 3108 a
1222 3040 1304 3090 eaeo.

168 3130 178 3162 ‘
193 3150 226 3191 se
238 3150 432 3211 quemquem,
445 3149 485 3192 ne
494 3129 592 3211 plebie
602 3127 726 3210 quidem
738 3126 978 3205 hominem,nou
988 3127 1213 3203 centurionem,

168 3217 256 3279 ‘non
281 3216 422 3294 militem,
445 3216 613 3291 violatione
641 3213 805 3297 Papirium,
829 3225 989 3295 umquem
1012 3232 1053 3275 en
1077 3212 1212 3275 hostium
1316 3223 1321 3234 ’

169 3306 180 3338 ‘
195 3302 333 3381 ducibus,
345 3302 390 3368 sie
406 3322 445 3365 ex
461 3300 602 3365 &meno
614 3301 796 3383 imperatore
807 3299 969 3361 victorium
978 3310 1011 3363 et
1021 3298 1210 3381 triumphurn

169 3390 179 3423 ‘
193 3398 308 3473 petere.
350 3390 377 3427 ⁸⁰
384 3388 542 3460 Quantum
553 3389 715 3453 iretereeeet
724 3388 805 3449 buter
813 3384 1056 3449 moderatiorem
1068 3387 1212 3468 errnquo·

82 3522 90 3539 .
168 3477 269 3554 ‘nun
299 3486 331 3538 et
344 3496 467 3559 ,norem
492 3476 667 3561 superbiam
692 3474 975 3555 crudelitatemque.
1018 3463 1212 3537 Dictatorenr

169 3565 180 3598 ‘
196 3562 377 3635 Quinctium
390 3561 608 3629 Cinebrnstnrn
622 3563 655 3625 iu
669 3558 707 3625 b.
722 3558 896 3625 Minucium
916 3560 1087 3639 eoneuiem,
1102 3582 1142 3623 ex
1155 3560 1212 3623 ob·

170 3653 181 3686 ‘
196 3650 315 3713 sidione'
323 3650 350 3713 'e
369 3672 405 3714 se
424 3662 575 3734 ereptum,
596 3670 660 3713 non
677 3649 758 3715 ultre
779 3649 908 3728 muse,
920 3668 1013 3730 qum
1027 3659 1064 3710 ut
1077 3647 1215 3729 legatum

171 3739 267 3801 ‘euru
282 3737 324 3801 ed
337 3738 504 3803 exercitum
515 3759 573 3822 pro
583 3738 707 3803 consule
723 3735 917 3818 relinqueret.
949 3732 1001 3797 M.
1013 3733 1137 3797 Furium
1153 3730 1217 3795 (22.-

173 3825 185 3859 ‘
199 3824 316 3888 milium
332 3824 364 3889 'ru
378 3822 414 3890 le.
429 3824 533 3904 Furio,
545 3826 609 3907 qui,
623 3836 782 3889 contemta
793 3844 851 3887 eun
864 3833 1021 3885 senecnrte
1036 3832 1070 3885 et
1083 3818 1218 3885 auetori-

172 3912 860 3999 ‘reremeeebnecunsrennpugasoeee
881 3929 945 3973 noa
965 3908 1065 3973 solun
1089 3907 1219 3992 inpre-

238 4010 250 4045 ¹¹
261 4012 312 4062 edd.
323 4021 354 4061 eet
365 4012 439 4069 Gron.
449 4013 519 4063 Creu.
615 4010 622 4046 ¹
633 4010 739 4075 Papirius
749 4009 843 4059 Fabium
853 4009 920 4059 Bae.
1017 4004 1030 4039 ¹¹
1046 4006 1077 4055 In
1087 4007 1153 4055 nat.

204 4090 680 4158 meres....ror....yuiesnsm}
744 4091 768 4125 ⁸⁰
791 4088 908 4144 Μαι
937 4085 1058 4154 tm]
1082 4080 1158 4150 deep·
1179 4084 1219 4134 re

173 4158 682 4225 temperantioresque&
713 4158 806 4206 mern
830 4156 964 4205 inerms
995 4152 1112 4206 m
1131 4157 1221 4202 tarem

207 4288 470 4339 t„
486 4290 597 4339 ιε,
610 4289 683 4355 ε]
715 4224 927 4351 unm
945 4219 1224 4334 ιεεεε

175 4328 682 4420 rumme'ii'ovoeeesemnsrre
714 4354 973 4417 ,mee-serm,
1001 4366 1014 4399 ι
1039 4352 1221 4416 prum:

176 4420 250 4478 rme,
269 4436 341 4484 quum
359 4420 685 4472 Horeti'reerrtmedurw
716 4416 1223 4485 menfimuipimfflffuiim‘

178 4486 686 4555 ernemeereemanepopeem
716 4490 795 4537 eree.

178 4554 499 4619 adquemreurproroemt.
