3175 5200
356 387 443 446 xxa,
669 359 985 454 1101111111
1003 359 1125 432 nvn,

358 531 369 562 ‘
388 516 546 615 scriptor
562 517 705 615 probat,
724 525 764 591 at
787 516 829 588 in
844 516 954 590 rebus
969 516 1086 612 gestis
1102 515 1291 606 declarari,
1316 538 1398 590 uon

357 627 369 660 ‘
387 619 512 692 solum
530 616 621 712 quid
632 625 758 689 aetum
776 623 843 688 aut
856 616 997 690 dietum
1015 615 1075 705 sit,
1089 615 1156 690 sed
1173 615 1287 690 etiam
1303 641 1398 711 quo·

356 725 369 760 ‘
384 717 520 800 modo;
546 724 586 788 et
602 737 721 810 quum
738 714 785 787 de
799 723 939 788 eventu
955 714 1112 802 dicatur,
1137 721 1180 788 ut
1197 724 1315 789 causae
1332 739 1399 788 ex-

356 824 368 857 ‘
384 816 568 913 plicentur
584 837 727 898 omnes
753 814 815 886 vel
831 836 952 902 casus,
968 813 1031 886 vcl
1048 813 1246 911 sapientiae,
1265 815 1327 887 vel
1342 823 1400 888 te-

357 924 368 956 ‘
386 912 587 1000 meritatis;
627 911 898 1007 hominumque
919 911 1088 1010 ipsorum
1103 935 1183 986 non
1198 915 1322 987 solum
1338 936 1400 998 res

359 1021 512 1109 ‘gestsa
531 1010 595 1084 sed
613 1010 739 1100 etiam,
757 1011 821 1106 qui
842 1011 1001 1085 famaue
1018 1012 1172 1084 nomine
1197 1013 1400 1101 excellant,

360 1117 371 1152 ‘
389 1113 436 1184 de
454 1110 636 1208 cujusque
652 1109 728 1182 vita
744 1119 857 1206 atque
873 1121 1015 1183 natura.
1043 1110 1253 1184 Verborum
1270 1121 1402 1184 autem

361 1221 371 1252 ‘
389 1210 483 1284 ratio
502 1218 541 1282 et
556 1232 676 1302 genus
708 1208 884 1282 orationis
899 1207 1028 1282 fusum
1044 1217 1157 1303 atque
1172 1217 1336 1284 tractum
1361 1220 1404 1284 et

360 1315 371 1350 ‘
391 1333 478 1384 cum
494 1306 650 1380 lenitate
664 1307 827 1400 quadam
840 1306 1011 1400 aequabili
1023 1308 1222 1404 profluens,
1240 1307 1319 1381 sine
1329 1308 1403 1382 hac

362 1404 556 1507 ‘judiciali
578 1404 775 1502 asperitate
799 1414 838 1476 ct
865 1404 947 1477 sine
974 1405 1247 1480 sententiarum
1278 1406 1403 1480 foren-

362 1506 488 1578 ‘sium
511 1503 649 1577 aculeis
669 1503 975 1601 persequendum
990 1502 1071 1578 est.’
1123 1504 1182 1577 Ad
1212 1528 1298 1578 vera
1322 1504 1403 1579 haee

362 1611 546 1702 precepta
576 1601 767 1676 Ciceronis
799 1603 861 1696 (de
878 1602 984 1676 Orat.
1010 1604 1142 1698 215.)
1177 1602 1209 1676 si
1232 1605 1403 1700 exegeris

362 1704 515 1778 annales
532 1699 641 1792 Livii,
658 1701 929 1774 animaduertes
945 1699 1126 1797 profecto,
1143 1725 1232 1776 eum
1248 1704 1403 1799 neglex-

362 1803 436 1876 isse
452 1802 593 1876 nullam
619 1801 791 1898 perfectae
814 1800 976 1874 historiae
995 1802 1133 1898 legem,
1162 1809 1201 1876 et
1227 1802 1401 1877 omnibus

364 1901 578 1998 exemplum
604 1900 652 1972 ad
678 1899 903 1972 imitandum
925 1901 1175 1997 proposuisse.
1227 1901 1405 1976 Primaria

362 2001 626 2075 historicorum
636 1997 753 2072 virtus
767 2006 826 2072 est
838 1998 1004 2075 studium
1019 1999 1198 2091 veritatis,
1212 2023 1328 2095 quam
1340 2001 1403 2074 ille
1496 2060 1504 2066 .

362 2108 445 2174 toto
461 2100 601 2174 amavit
615 2097 777 2186 adfectu,
795 2108 834 2172 et
849 2096 1127 2194 religiosissime
1142 2099 1269 2172 coluit.
1303 2103 1404 2174 Nam

363 2223 441 2274 non
457 2198 572 2272 modo
590 2221 742 2271 ornnem
760 2195 862 2270 dedit
877 2221 1042 2294 operam,
1055 2208 1099 2272 ut
1113 2222 1238 2272 rerum
1252 2222 1404 2272 narran-

365 2299 497 2372 darum
524 2285 670 2372 eertard
692 2305 985 2392 consequeretur·
1008 2297 1191 2386 notitiam,
1209 2297 1405 2370 sedetiam

366 2422 421 2482 ea,
440 2419 523 2490 quae
540 2419 637 2484 vera,
665 2395 798 2471 saltem
815 2395 1072 2491 probabiliora,
1098 2395 1207 2472 variis
1224 2397 1405 2490 narratio·
1504 2445 1508 2450 ‚

364 2495 475 2568 nibus
490 2495 645 2568 solerter
654 2491 838 2590 expensis,
847 2493 1041 2589 judicarat,
1057 2494 1203 2578 sineira
1215 2504 1254 2570 ct
1267 2496 1404 2586 studio,
1532 2514 1537 2524 ·

365 2593 482 2667 libere
496 2602 534 2667 et
546 2604 673 2692 aperte
687 2591 839 2667 tradidit
853 2625 863 2676 ;
890 2591 1060 2689 adeoque
1071 2618 1203 2669 verum
1215 2593 1352 2670 referre
1365 2605 1406 2669 et

367 2692 489 2791 potuit
518 2702 556 2767 et
571 2692 700 2767 voluit.
708 2692 736 2740 ³¹
787 2692 893 2766 Prius
919 2694 1090 2790 patet'ex
1108 2717 1166 2784 eo,
1193 2695 1293 2790 quod
1309 2696 1405 2769 anti·

369 2792 499 2886 quiora
515 2816 560 2865 ex
579 2790 819 2865 monimentis
845 2791 1004 2889 publicis
1031 2802 1082 2883 et,
1100 2792 1165 2867 ubi
1189 2818 1233 2868 ea
1257 2794 1405 2867 deficie-

367 2891 473 2981 bant,
492 2916 538 2965 ex
556 2890 794 2987 scriptoribus
811 2890 885 2964 fide
902 2890 1038 2989 dignis,
1055 2893 1263 2967 recentiora
1277 2918 1322 2967 ex
1341 2893 1405 2966 iis·

369 2988 455 3061 dem
472 2988 635 3062 fontibus
651 2988 774 3062 hausit
789 2998 855 3063 aut
870 2988 1019 3067 aliunde
1032 3016 1256 3089 cognoscere
1271 2992 1405 3090 potuit.

368 3088 604 3163 Monimenta
619 3087 693 3177 illa,
711 3111 871 3184 quorum
885 3115 1034 3166 summa
1050 3103 1109 3168 est
1121 3092 1226 3184 fides,
1243 3091 1408 3165 maxima

369 3187 470 3287 apud
499 3188 689 3261 Romanos
721 3210 809 3261 cura
838 3198 877 3263 et
905 3192 1052 3281 confici,
1083 3192 1176 3267 etin
1201 3189 1406 3278 tabulariis,

370 3286 506 3377 serario,
523 3284 708 3384 Capitolio
734 3286 889 3383 aliisque
913 3292 1064 3390 templis
1088 3290 1154 3388 figi
1179 3301 1246 3367 aut
1270 3288 1407 3365 servari

370 3385 550 3473 solebant,
568 3411 604 3457 v.
632 3411 665 3458 c.
682 3386 766 3459 libri
784 3389 990 3476 censuales,
1014 3389 1128 3461 etiam
1145 3389 1406 3484 antiquissimi,

369 3482 544 3567 Tulliani,
564 3482 628 3579 qui
652 3491 760 3556 oetate
786 3484 957 3583 Dionysii
982 3482 1106 3555 Halic.
1132 3486 1256 3558 adhue
1283 3497 1406 3567 exsta·
1442 3559 1447 3568 ,

368 3581 517 3661 bunt;³2
534 3589 761 3672 senatorum,
775 3582 957 3678 Equitum
966 3578 1212 3678 judicumque
1226 3585 1406 3680 catalogi3

369 3680 522 3752 annales
539 3706 561 3753 a
577 3680 753 3780 pontifice
770 3682 937 3756 maximo
963 3680 1186 3779 consignati,
1203 3690 1287 3756 acta
1303 3707 1409 3757 sena·

369 3787 431 3853 tus
456 3788 495 3853 et
520 3778 703 3879 populna
727 3780 812 3856 lasti
838 3778 1051 3854 consulares
1076 3788 1117 3855 et
1141 3780 1407 3879 triumphales;

402 3994 873 4055 ³1anactanndehisrornoeribann,
935 3998 958 4034 ³³
973 3999 1011 4049 De
1022 3999 1057 4048 bis
1072 4000 1190 4051 noualibus
1206 4013 1231 4052 et
1243 4002 1298 4052 netis
1311 4003 1408 4052 dinami

370 4067 394 4105 er
405 4058 496 4109 Emeni
506 4080 588 4111 eornm.
597 4064 625 4111 de
639 4065 682 4112 fide
693 4062 799 4111 historica
809 4075 871 4112 recte
903 4063 928 4111 in
946 4064 1044 4115 Prooem.
1063 4067 1091 4113 ad
1115 4066 1174 4117 Tac.
1196 4070 1261 4115 Ano.
1278 4085 1302 4131 p.
1326 4069 1354 4117 16
1370 4084 1407 4132 aq.

371 4122 502 4173 aestimanda
513 4128 536 4173 in
548 4126 633 4190 Opnrc.
644 4126 722 4191 philol.
732 4128 783 4175 crit.
794 4144 818 4191 p.
829 4129 872 4176 lil-
904 4128 942 4178 ct.
955 4130 1003 4180 Cic.
1014 4133 1043 4180 de
1053 4132 1097 4180 Or.
1108 4134 1133 4188 2,
1145 4134 1182 4181 12.
1205 4134 1262 4180 Tac.
1273 4135 1334 4180 clun.
1345 4134 1371 4192 3,
1380 4138 1405 4183 3.

373 4187 429 4261 ¹⁰¹⁶.
448 4189 485 4235 ubl
503 4192 629 4241 adcuratius
643 4192 729 4253 singula
746 4194 792 4241 huc
810 4208 874 4255 spec·
904 4199 929 4253 5,
944 4199 968 4245 4.
984 4200 1008 4244 b.
1027 4200 1066 4254 15,
1080 4197 1121 4246 74.
1139 4199 1177 4253 16,
1192 4198 1232 4246 22.
1246 4199 1295 4245 Dio
1309 4200 1350 4251 57.
1367 4199 1405 4247 16.

371 4260 444 4324 turta
462 4257 576 4317 exposuit,
591 4269 615 4303 et
634 4259 745 4323 exemplis
765 4274 794 4307 ex
810 4258 874 4306 Livio
904 4260 969 4309 Suet.
980 4260 1004 4307 in
1017 4276 1033 4310 x
1044 4265 1106 4323 Aug.
1116 4264 1157 4312 36.
1170 4264 1194 4313 iu
1206 4264 1266 4315 cu.
1276 4264 1317 4315 20·
1328 4264 1407 4325 iblqw

373 4312 465 4374 aliisque
505 4316 700 4375 titlrlrdmtrarir.
834 4364 841 4377 .
905 4324 961 4374 Ere.
973 4324 1071 4380 Ernesti.

405 4374 428 4410 ³³
443 4392 467 4431 v.
503 4384 576 4448 ioayr.
588 4383 642 4437 Hal.
653 4387 693 4440 lib.
706 4402 740 4440 ιν.
751 4404 774 4454 p.
784 4390 839 4443 221.
