<?xml version="1.0" encoding="UTF-8"?>
<!DOCTYPE html PUBLIC "-//W3C//DTD XHTML 1.0 Transitional//EN"
    "http://www.w3.org/TR/xhtml1/DTD/xhtml1-transitional.dtd">
<html xmlns="http://www.w3.org/1999/xhtml" xml:lang="en" lang="en">
 <head>
  <title>
</title>
<meta http-equiv="Content-Type" content="text/html;charset=utf-8" />
  <meta name='ocr-system' content='tesseract 3.04.00' />
  <meta name='ocr-capabilities' content='ocr_page ocr_carea ocr_par ocr_line ocrx_word'/>
</head>
<body>
  <div class='ocr_page' id='page_1' title='image "./tliviipatavinih03grongoog_0247.png"; bbox 0 0 3175 5200; ppageno 0'>
   <div class='ocr_carea' id='block_1_1' title="bbox 521 352 1205 427">
    <p class='ocr_par' dir='ltr' id='par_1_1' title="bbox 521 352 1205 427">
     <span class='ocr_line' id='line_1_1' title="bbox 521 352 1205 427; baseline -0.001 -12"><span class='ocrx_word' id='word_1_1' title='bbox 521 352 600 417; x_wconf 71' lang='grc' dir='ltr'><strong>ΜΒ.</strong></span> <span class='ocrx_word' id='word_1_2' title='bbox 619 354 674 417; x_wconf 84' lang='lat'><strong>111.</strong></span> <span class='ocrx_word' id='word_1_3' title='bbox 702 354 785 418; x_wconf 77' lang='lat' dir='ltr'><strong>CAP.</strong></span> <span class='ocrx_word' id='word_1_4' title='bbox 805 356 869 416; x_wconf 77' lang='lat' dir='ltr'><strong>tv.</strong></span> <span class='ocrx_word' id='word_1_5' title='bbox 1145 366 1205 427; x_wconf 74' lang='lat'><strong>209</strong></span> 
     </span>
    </p>
   </div>
   <div class='ocr_carea' id='block_1_2' title="bbox 68 513 1352 3532">
    <p class='ocr_par' dir='ltr' id='par_1_2' title="bbox 149 513 1352 946">
     <span class='ocr_line' id='line_1_2' title="bbox 151 513 1352 601; baseline 0.005 -24"><span class='ocrx_word' id='word_1_6' title='bbox 151 513 249 578; x_wconf 81' lang='lat' dir='ltr'><strong>obviis</strong></span> <span class='ocrx_word' id='word_1_7' title='bbox 268 514 391 599; x_wconf 79' lang='lat' dir='ltr'><strong>gatrdio.</strong></span> <span class='ocrx_word' id='word_1_8' title='bbox 418 516 527 579; x_wconf 74' lang='lat' dir='ltr'><strong>annau</strong></span> <span class='ocrx_word' id='word_1_9' title='bbox 543 538 598 601; x_wconf 91' lang='lat' dir='ltr'><strong>per</strong></span> <span class='ocrx_word' id='word_1_10' title='bbox 613 518 719 580; x_wconf 89' lang='lat' dir='ltr'><strong>urbem</strong></span> <span class='ocrx_word' id='word_1_11' title='bbox 734 515 857 579; x_wconf 90' lang='lat' dir='ltr'><strong>silentio</strong></span> <span class='ocrx_word' id='word_1_12' title='bbox 877 514 909 575; x_wconf 93' lang='lat' dir='ltr'><strong>in</strong></span> <span class='ocrx_word' id='word_1_13' title='bbox 928 514 1112 579; x_wconf 80' lang='lat' dir='ltr'><strong>Aventinum</strong></span> <span class='ocrx_word' id='word_1_14' title='bbox 1127 538 1199 601; x_wconf 92' lang='lat' dir='ltr'><strong>per·</strong></span> <span class='ocrx_word' id='word_1_15' title='bbox 1213 533 1245 585; x_wconf 76' lang='lat' dir='ltr'><strong>tr.</strong></span> <span class='ocrx_word' id='word_1_16' title='bbox 1255 534 1285 584; x_wconf 91' lang='lat' dir='ltr'><strong>c.</strong></span> <span class='ocrx_word' id='word_1_17' title='bbox 1296 534 1352 587; x_wconf 81' lang='lat' dir='ltr'><strong>sna.</strong></span> 
     </span>
     <span class='ocr_line' id='line_1_3' title="bbox 150 600 1349 687; baseline 0.003 -23"><span class='ocrx_word' id='word_1_18' title='bbox 150 604 284 666; x_wconf 85' lang='lat' dir='ltr'><strong>veniunt.</strong></span> <span class='ocrx_word' id='word_1_19' title='bbox 308 604 349 671; x_wconf 90' lang='lat' dir='ltr'><strong>ibi</strong></span> <span class='ocrx_word' id='word_1_20' title='bbox 380 604 546 686; x_wconf 84' lang='lat' dir='ltr'><strong>extemplo,</strong></span> <span class='ocrx_word' id='word_1_21' title='bbox 577 603 722 687; x_wconf 86' lang='lat' dir='ltr'><strong>pontifice</strong></span> <span class='ocrx_word' id='word_1_22' title='bbox 745 603 881 665; x_wconf 86' lang='lat' dir='ltr'><strong>maximo</strong></span> <span class='ocrx_word' id='word_1_23' title='bbox 903 604 1028 667; x_wconf 88' lang='lat' dir='ltr'><strong>comitia</strong></span> <span class='ocrx_word' id='word_1_24' title='bbox 1053 605 1196 685; x_wconf 78' lang='lat' dir='ltr'><strong>habente,</strong></span> <span class='ocrx_word' id='word_1_25' title='bbox 1210 600 1349 678; x_wconf 56' lang='grc' dir='ltr'><strong>ΛΡΜ·</strong></span> 
     </span>
     <span class='ocr_line' id='line_1_4' title="bbox 149 664 1349 781; baseline 0.003 -30"><span class='ocrx_word' id='word_1_26' title='bbox 149 690 287 753; x_wconf 83' lang='lat' dir='ltr'><strong>tribunos</strong></span> <span class='ocrx_word' id='word_1_27' title='bbox 313 690 409 773; x_wconf 87' lang='lat' dir='ltr'><strong>plebis</strong></span> <span class='ocrx_word' id='word_1_28' title='bbox 434 704 622 769; x_wconf 87' lang='lat' dir='ltr'><strong>creaverunt,</strong></span> <span class='ocrx_word' id='word_1_29' title='bbox 653 690 790 753; x_wconf 87' lang='lat' dir='ltr'><strong>omnium</strong></span> <span class='ocrx_word' id='word_1_30' title='bbox 814 689 947 773; x_wconf 89' lang='lat' dir='ltr'><strong>primum</strong></span> <span class='ocrx_word' id='word_1_31' title='bbox 970 690 1073 752; x_wconf 74' lang='lat' dir='ltr'><strong>³⁹A.¹¹</strong></span> <span class='ocrx_word' id='word_1_32' title='bbox 1092 664 1349 781; x_wconf 48' lang='lat' dir='ltr'><strong>Virgiffi‘ss</strong></span> 
     </span>
     <span class='ocr_line' id='line_1_5' title="bbox 149 774 1332 862; baseline 0.003 -26"><span class='ocrx_word' id='word_1_33' title='bbox 149 776 245 856; x_wconf 86' lang='lat' dir='ltr'><strong>nium,</strong></span> <span class='ocrx_word' id='word_1_34' title='bbox 269 775 339 839; x_wconf 88' lang='lat' dir='ltr'><strong>inde</strong></span> <span class='ocrx_word' id='word_1_35' title='bbox 358 774 394 841; x_wconf 96' lang='lat' dir='ltr'><strong>L.</strong></span> <span class='ocrx_word' id='word_1_36' title='bbox 418 775 548 856; x_wconf 85' lang='lat' dir='ltr'><strong>Icilium,</strong></span> <span class='ocrx_word' id='word_1_37' title='bbox 568 789 602 841; x_wconf 90' lang='lat' dir='ltr'><strong>et</strong></span> <span class='ocrx_word' id='word_1_38' title='bbox 620 775 654 839; x_wconf 93' lang='lat' dir='ltr'><strong>P.</strong></span> <span class='ocrx_word' id='word_1_39' title='bbox 671 774 878 839; x_wconf 88' lang='lat' dir='ltr'><strong>Numitorium</strong></span> <span class='ocrx_word' id='word_1_40' title='bbox 898 777 1079 840; x_wconf 80' lang='lat' dir='ltr'><strong>anmcrrlum</strong></span> <span class='ocrx_word' id='word_1_41' title='bbox 1093 777 1194 862; x_wconf 77' lang='lat' dir='ltr'><strong>virgi-</strong></span> <span class='ocrx_word' id='word_1_42' title='bbox 1207 799 1332 849; x_wconf 74' lang='lat' dir='ltr'><strong>Aventino.</strong></span> 
     </span>
     <span class='ocr_line' id='line_1_6' title="bbox 150 860 1194 946; baseline 0.006 -23"><span class='ocrx_word' id='word_1_43' title='bbox 150 863 217 941; x_wconf 76' lang='lat' dir='ltr'><strong>nia,</strong></span> <span class='ocrx_word' id='word_1_44' title='bbox 233 876 372 926; x_wconf 81' lang='lat' dir='ltr'>auctores</span> <span class='ocrx_word' id='word_1_45' title='bbox 387 864 575 927; x_wconf 88' lang='lat' dir='ltr'><strong>secessionis.</strong></span> <span class='ocrx_word' id='word_1_46' title='bbox 606 861 688 925; x_wconf 88' lang='lat' dir='ltr'><strong>Tum</strong></span> <span class='ocrx_word' id='word_1_47' title='bbox 704 862 740 926; x_wconf 88' lang='lat' dir='ltr'><strong>C.</strong></span> <span class='ocrx_word' id='word_1_48' title='bbox 756 860 916 941; x_wconf 83' lang='lat' dir='ltr'><strong>Sicinium,</strong></span> <span class='ocrx_word' id='word_1_49' title='bbox 928 864 1106 944; x_wconf 80' lang='lat' dir='ltr'><strong>progeniem</strong></span> <span class='ocrx_word' id='word_1_50' title='bbox 1117 864 1194 946; x_wconf 86' lang='lat' dir='ltr'><strong>ejus,</strong></span> 
     </span>
    </p>

    <p class='ocr_par' dir='ltr' id='par_1_3' title="bbox 150 946 1194 1033">
     <span class='ocr_line' id='line_1_7' title="bbox 150 946 1194 1033; baseline 0.003 -22"><span class='ocrx_word' id='word_1_51' title='bbox 150 970 240 1031; x_wconf 89' lang='lat' dir='ltr'><strong>quern</strong></span> <span class='ocrx_word' id='word_1_52' title='bbox 255 950 384 1033; x_wconf 89' lang='lat' dir='ltr'><strong>primurn</strong></span> <span class='ocrx_word' id='word_1_53' title='bbox 397 951 552 1014; x_wconf 89' lang='lat' dir='ltr'><strong>tribunum</strong></span> <span class='ocrx_word' id='word_1_54' title='bbox 564 950 662 1033; x_wconf 90' lang='lat' dir='ltr'><strong>plebis</strong></span> <span class='ocrx_word' id='word_1_55' title='bbox 677 961 814 1011; x_wconf 83' lang='lat' dir='ltr'><strong>creattun</strong></span> <span class='ocrx_word' id='word_1_56' title='bbox 834 949 867 1010; x_wconf 88' lang='lat' dir='ltr'><strong>in</strong></span> <span class='ocrx_word' id='word_1_57' title='bbox 881 946 977 1011; x_wconf 90' lang='lat' dir='ltr'><strong>Sacro</strong></span> <span class='ocrx_word' id='word_1_58' title='bbox 988 960 1105 1028; x_wconf 89' lang='lat' dir='ltr'><strong>monte,</strong></span> <span class='ocrx_word' id='word_1_59' title='bbox 1123 973 1194 1033; x_wconf 91' lang='lat' dir='ltr'><strong>pro-</strong></span> 
     </span>
    </p>

    <p class='ocr_par' dir='ltr' id='par_1_4' title="bbox 150 1034 1195 1118">
     <span class='ocr_line' id='line_1_8' title="bbox 150 1034 1195 1118; baseline 0.003 -21"><span class='ocrx_word' id='word_1_60' title='bbox 150 1035 247 1099; x_wconf 88' lang='lat' dir='ltr'><strong>ditum</strong></span> <span class='ocrx_word' id='word_1_61' title='bbox 259 1038 412 1101; x_wconf 79' lang='lat' dir='ltr'><strong>memoria</strong></span> <span class='ocrx_word' id='word_1_62' title='bbox 427 1050 490 1116; x_wconf 72' lang='lat' dir='ltr'><strong>est,</strong></span> <span class='ocrx_word' id='word_1_63' title='bbox 505 1050 538 1101; x_wconf 93' lang='lat' dir='ltr'><strong>et</strong></span> <span class='ocrx_word' id='word_1_64' title='bbox 552 1034 600 1099; x_wconf 90' lang='lat' dir='ltr'><strong>M.</strong></span> <span class='ocrx_word' id='word_1_65' title='bbox 614 1034 763 1113; x_wconf 88' lang='lat' dir='ltr'><strong>Duilium,</strong></span> <span class='ocrx_word' id='word_1_66' title='bbox 777 1037 829 1117; x_wconf 89' lang='lat' dir='ltr'><strong>qui</strong></span> <span class='ocrx_word' id='word_1_67' title='bbox 845 1035 1034 1098; x_wconf 89' lang='lat' dir='ltr'><strong>tribunatum</strong></span> <span class='ocrx_word' id='word_1_68' title='bbox 1046 1036 1195 1118; x_wconf 82' lang='lat' dir='ltr'><strong>insignem</strong></span> 
     </span>
    </p>

    <p class='ocr_par' dir='ltr' id='par_1_5' title="bbox 146 1121 1195 1293">
     <span class='ocr_line' id='line_1_9' title="bbox 149 1121 1195 1207; baseline 0.004 -25"><span class='ocrx_word' id='word_1_69' title='bbox 149 1132 220 1184; x_wconf 88' lang='lat' dir='ltr'><strong>ante</strong></span> <span class='ocrx_word' id='word_1_70' title='bbox 235 1123 422 1187; x_wconf 82' lang='lat' dir='ltr'><strong>decemviros</strong></span> <span class='ocrx_word' id='word_1_71' title='bbox 433 1136 553 1186; x_wconf 90' lang='lat' dir='ltr'><strong>creatos</strong></span> <span class='ocrx_word' id='word_1_72' title='bbox 567 1134 712 1207; x_wconf 72' lang='lat' dir='ltr'>gesserat,</span> <span class='ocrx_word' id='word_1_73' title='bbox 737 1142 794 1185; x_wconf 90' lang='lat' dir='ltr'><strong>nec</strong></span> <span class='ocrx_word' id='word_1_74' title='bbox 815 1123 848 1183; x_wconf 92' lang='lat' dir='ltr'><strong>in</strong></span> <span class='ocrx_word' id='word_1_75' title='bbox 864 1121 1114 1183; x_wconf 85' lang='lat' dir='ltr'><strong>decemviralibus</strong></span> <span class='ocrx_word' id='word_1_76' title='bbox 1128 1144 1195 1186; x_wconf 91' lang='lat' dir='ltr'><strong>cer-</strong></span> 
     </span>
     <span class='ocr_line' id='line_1_10' title="bbox 146 1206 1195 1293; baseline 0.003 -24"><span class='ocrx_word' id='word_1_77' title='bbox 146 1209 311 1273; x_wconf 89' lang='lat' dir='ltr'><strong>taminibus</strong></span> <span class='ocrx_word' id='word_1_78' title='bbox 336 1210 418 1293; x_wconf 88' lang='lat' dir='ltr'><strong>plebi</strong></span> <span class='ocrx_word' id='word_1_79' title='bbox 443 1206 611 1273; x_wconf 68' lang='lat' dir='ltr'><strong>defuerat.=</strong></span> <span class='ocrx_word' id='word_1_80' title='bbox 635 1213 662 1249; x_wconf 84' lang='lat'><strong>⁴⁰</strong></span> <span class='ocrx_word' id='word_1_81' title='bbox 673 1207 736 1291; x_wconf 91' lang='lat' dir='ltr'><strong>Spe</strong></span> <span class='ocrx_word' id='word_1_82' title='bbox 760 1208 872 1271; x_wconf 86' lang='lat' dir='ltr'><strong>deinde</strong></span> <span class='ocrx_word' id='word_1_83' title='bbox 891 1208 1001 1290; x_wconf 84' lang='lat' dir='ltr'><strong>magis,</strong></span> <span class='ocrx_word' id='word_1_84' title='bbox 1022 1228 1114 1289; x_wconf 91' lang='lat' dir='ltr'><strong>quam</strong></span> <span class='ocrx_word' id='word_1_85' title='bbox 1129 1230 1195 1273; x_wconf 91' lang='lat' dir='ltr'><strong>me-</strong></span> 
     </span>
    </p>

    <p class='ocr_par' dir='ltr' id='par_1_6' title="bbox 146 1293 1195 1379">
     <span class='ocr_line' id='line_1_11' title="bbox 146 1293 1195 1379; baseline 0.002 -24"><span class='ocrx_word' id='word_1_86' title='bbox 146 1294 222 1373; x_wconf 91' lang='lat' dir='ltr'><strong>ritis,</strong></span> <span class='ocrx_word' id='word_1_87' title='bbox 237 1297 339 1376; x_wconf 89' lang='lat' dir='ltr'><strong>electi,</strong></span> <span class='ocrx_word' id='word_1_88' title='bbox 350 1295 398 1359; x_wconf 89' lang='lat' dir='ltr'><strong>M.</strong></span> <span class='ocrx_word' id='word_1_89' title='bbox 407 1295 538 1359; x_wconf 86' lang='lat' dir='ltr'><strong>Titinius</strong></span> <span class='ocrx_word' id='word_1_90' title='bbox 543 1308 569 1375; x_wconf 81' lang='lat'><strong>¹,</strong></span> <span class='ocrx_word' id='word_1_91' title='bbox 582 1294 629 1359; x_wconf 92' lang='lat' dir='ltr'><strong>M.</strong></span> <span class='ocrx_word' id='word_1_92' title='bbox 644 1295 840 1379; x_wconf 81' lang='lat' dir='ltr'>Pomponius,</span> <span class='ocrx_word' id='word_1_93' title='bbox 852 1294 889 1357; x_wconf 92' lang='lat' dir='ltr'><strong>C.</strong></span> <span class='ocrx_word' id='word_1_94' title='bbox 900 1293 1066 1377; x_wconf 73' lang='lat' dir='ltr'><strong>Apronius,</strong></span> <span class='ocrx_word' id='word_1_95' title='bbox 1082 1293 1115 1357; x_wconf 89' lang='lat' dir='ltr'><strong>P.</strong></span> <span class='ocrx_word' id='word_1_96' title='bbox 1127 1294 1195 1357; x_wconf 90' lang='lat' dir='ltr'><strong>Vil-</strong></span> 
     </span>
    </p>

    <p class='ocr_par' dir='ltr' id='par_1_7' title="bbox 146 1379 1193 1465">
     <span class='ocr_line' id='line_1_12' title="bbox 146 1379 1193 1465; baseline 0.005 -25"><span class='ocrx_word' id='word_1_97' title='bbox 146 1379 214 1459; x_wconf 89' lang='lat' dir='ltr'><strong>lius,</strong></span> <span class='ocrx_word' id='word_1_98' title='bbox 229 1381 266 1444; x_wconf 93' lang='lat' dir='ltr'><strong>C.</strong></span> <span class='ocrx_word' id='word_1_99' title='bbox 278 1383 408 1465; x_wconf 89' lang='lat' dir='ltr'><strong>Oppius.</strong></span> <span class='ocrx_word' id='word_1_100' title='bbox 450 1381 623 1446; x_wconf 78' lang='lat' dir='ltr'><strong>Tribunatu</strong></span> <span class='ocrx_word' id='word_1_101' title='bbox 637 1382 725 1461; x_wconf 89' lang='lat' dir='ltr'><strong>inito,</strong></span> <span class='ocrx_word' id='word_1_102' title='bbox 736 1380 771 1443; x_wconf 93' lang='lat' dir='ltr'><strong>L.</strong></span> <span class='ocrx_word' id='word_1_103' title='bbox 783 1381 886 1445; x_wconf 85' lang='lat' dir='ltr'><strong>Icilius</strong></span> <span class='ocrx_word' id='word_1_104' title='bbox 901 1382 1057 1464; x_wconf 84' lang='lat' dir='ltr'><strong>extemplo</strong></span> <span class='ocrx_word' id='word_1_105' title='bbox 1071 1382 1193 1463; x_wconf 86' lang='lat' dir='ltr'><strong>plebem</strong></span> 
     </span>
    </p>

    <p class='ocr_par' dir='ltr' id='par_1_8' title="bbox 145 1468 1193 1723">
     <span class='ocr_line' id='line_1_13' title="bbox 146 1468 1193 1552; baseline 0.002 -24"><span class='ocrx_word' id='word_1_106' title='bbox 146 1469 275 1547; x_wconf 72' lang='lat' dir='ltr'><strong>rogauit,</strong></span> <span class='ocrx_word' id='word_1_107' title='bbox 300 1482 332 1533; x_wconf 88' lang='lat' dir='ltr'><strong>et</strong></span> <span class='ocrx_word' id='word_1_108' title='bbox 358 1470 444 1552; x_wconf 83' lang='lat' dir='ltr'>plebs</span> <span class='ocrx_word' id='word_1_109' title='bbox 466 1470 562 1547; x_wconf 84' lang='lat' dir='ltr'><strong>scivit,</strong></span> <span class='ocrx_word' id='word_1_110' title='bbox 588 1492 627 1532; x_wconf 84' lang='lat' dir='ltr'><strong>ne</strong></span> <span class='ocrx_word' id='word_1_111' title='bbox 653 1470 701 1531; x_wconf 92' lang='lat' dir='ltr'><strong>cui</strong></span> <span class='ocrx_word' id='word_1_112' title='bbox 728 1468 827 1530; x_wconf 80' lang='lat' dir='ltr'><strong>fraudi</strong></span> <span class='ocrx_word' id='word_1_113' title='bbox 843 1480 924 1531; x_wconf 88' lang='lat' dir='ltr'><strong>essct</strong></span> <span class='ocrx_word' id='word_1_114' title='bbox 938 1468 1068 1529; x_wconf 72' lang='lat' dir='ltr'><strong>secesno</strong></span> <span class='ocrx_word' id='word_1_115' title='bbox 1083 1470 1122 1530; x_wconf 89' lang='lat' dir='ltr'><strong>ab</strong></span> <span class='ocrx_word' id='word_1_116' title='bbox 1138 1469 1193 1531; x_wconf 86' lang='lat' dir='ltr'><strong>de-</strong></span> 
     </span>
     <span class='ocr_line' id='line_1_14' title="bbox 145 1553 1192 1637; baseline 0.004 -25"><span class='ocrx_word' id='word_1_117' title='bbox 145 1553 284 1615; x_wconf 81' lang='lat' dir='ltr'><strong>cemviris</strong></span> <span class='ocrx_word' id='word_1_118' title='bbox 299 1555 392 1623; x_wconf 83' lang='lat' dir='ltr'><strong>sacta.</strong></span> <span class='ocrx_word' id='word_1_119' title='bbox 437 1554 606 1619; x_wconf 78' lang='lat' dir='ltr'><strong>Confestim</strong></span> <span class='ocrx_word' id='word_1_120' title='bbox 632 1556 670 1617; x_wconf 91' lang='lat' dir='ltr'><strong>de</strong></span> <span class='ocrx_word' id='word_1_121' title='bbox 694 1556 869 1617; x_wconf 87' lang='lat' dir='ltr'><strong>consulibus</strong></span> <span class='ocrx_word' id='word_1_122' title='bbox 883 1554 1024 1616; x_wconf 84' lang='lat' dir='ltr'><strong>creandis</strong></span> <span class='ocrx_word' id='word_1_123' title='bbox 1034 1574 1104 1616; x_wconf 91' lang='lat' dir='ltr'><strong>cum</strong></span> <span class='ocrx_word' id='word_1_124' title='bbox 1120 1575 1192 1637; x_wconf 92' lang='lat' dir='ltr'><strong>pro-</strong></span> 
     </span>
     <span class='ocr_line' id='line_1_15' title="bbox 146 1639 1193 1723; baseline 0.003 -24"><span class='ocrx_word' id='word_1_125' title='bbox 146 1640 307 1702; x_wconf 88' lang='lat' dir='ltr'><strong>vocatione</strong></span> <span class='ocrx_word' id='word_1_126' title='bbox 333 1639 380 1704; x_wconf 92' lang='lat' dir='ltr'><strong>M.</strong></span> <span class='ocrx_word' id='word_1_127' title='bbox 405 1640 537 1705; x_wconf 79' lang='lat' dir='ltr'><strong>Duillius</strong></span> <span class='ocrx_word' id='word_1_128' title='bbox 555 1642 773 1723; x_wconf 67' lang='lat' dir='ltr'><strong>&#39;rogationem</strong></span> <span class='ocrx_word' id='word_1_129' title='bbox 801 1641 936 1723; x_wconf 88' lang='lat' dir='ltr'><strong>pertulit.</strong></span> <span class='ocrx_word' id='word_1_130' title='bbox 963 1660 1000 1702; x_wconf 90' lang='lat' dir='ltr'><strong>ea</strong></span> <span class='ocrx_word' id='word_1_131' title='bbox 1027 1641 1132 1703; x_wconf 89' lang='lat' dir='ltr'><strong>omnia</strong></span> <span class='ocrx_word' id='word_1_132' title='bbox 1160 1642 1193 1702; x_wconf 93' lang='lat' dir='ltr'><strong>in</strong></span> 
     </span>
    </p>

    <p class='ocr_par' dir='ltr' id='par_1_9' title="bbox 144 1724 1191 1808">
     <span class='ocr_line' id='line_1_16' title="bbox 144 1724 1191 1808; baseline 0.004 -23"><span class='ocrx_word' id='word_1_133' title='bbox 144 1724 238 1805; x_wconf 88' lang='lat' dir='ltr'><strong>pratis</strong></span> <span class='ocrx_word' id='word_1_134' title='bbox 253 1724 408 1788; x_wconf 80' lang='lat' dir='ltr'><strong>Flaminiis</strong></span> <span class='ocrx_word' id='word_1_135' title='bbox 429 1728 558 1789; x_wconf 88' lang='lat' dir='ltr'><strong>concilio</strong></span> <span class='ocrx_word' id='word_1_136' title='bbox 580 1728 677 1808; x_wconf 87' lang='lat' dir='ltr'><strong>plebis</strong></span> <span class='ocrx_word' id='word_1_137' title='bbox 692 1739 771 1807; x_wconf 85' lang='lat' dir='ltr'><strong>acta,</strong></span> <span class='ocrx_word' id='word_1_138' title='bbox 787 1746 880 1808; x_wconf 87' lang='lat' dir='ltr'><strong>quam</strong></span> <span class='ocrx_word' id='word_1_139' title='bbox 894 1747 975 1789; x_wconf 91' lang='lat' dir='ltr'><strong>nunc</strong></span> <span class='ocrx_word' id='word_1_140' title='bbox 988 1727 1105 1789; x_wconf 90' lang='lat' dir='ltr'><strong>circum</strong></span> <span class='ocrx_word' id='word_1_141' title='bbox 1121 1724 1191 1789; x_wconf 76' lang='lat' dir='ltr'><strong>lta-</strong></span> 
     </span>
    </p>

    <p class='ocr_par' dir='ltr' id='par_1_10' title="bbox 142 1810 455 1893">
     <span class='ocr_line' id='line_1_17' title="bbox 142 1810 455 1893; baseline 0.01 -23"><span class='ocrx_word' id='word_1_142' title='bbox 142 1810 272 1872; x_wconf 86' lang='lat' dir='ltr'><strong>minium</strong></span> <span class='ocrx_word' id='word_1_143' title='bbox 288 1810 455 1893; x_wconf 71' lang='lat' dir='ltr'><strong>adpellant.</strong></span> 
     </span>
    </p>

    <p class='ocr_par' dir='ltr' id='par_1_11' title="bbox 141 1886 1348 2239">
     <span class='ocr_line' id='line_1_18' title="bbox 187 1886 1344 1979; baseline 0.003 -22"><span class='ocrx_word' id='word_1_144' title='bbox 187 1894 250 1957; x_wconf 91' lang='lat' dir='ltr'><strong>LV.</strong></span> <span class='ocrx_word' id='word_1_145' title='bbox 274 1894 330 1959; x_wconf 84' lang='lat' dir='ltr'><strong>Per</strong></span> <span class='ocrx_word' id='word_1_146' title='bbox 352 1898 534 1979; x_wconf 85' lang='lat' dir='ltr'><strong>interregem</strong></span> <span class='ocrx_word' id='word_1_147' title='bbox 558 1896 670 1959; x_wconf 87' lang='lat' dir='ltr'><strong>deinde</strong></span> <span class='ocrx_word' id='word_1_148' title='bbox 696 1898 838 1958; x_wconf 87' lang='lat' dir='ltr'><strong>consules</strong></span> <span class='ocrx_word' id='word_1_149' title='bbox 860 1898 966 1975; x_wconf 90' lang='lat' dir='ltr'><strong>creati,</strong></span> <span class='ocrx_word' id='word_1_150' title='bbox 987 1895 1023 1959; x_wconf 85' lang='lat' dir='ltr'><strong>L</strong></span> <span class='ocrx_word' id='word_1_151' title='bbox 1039 1886 1189 1979; x_wconf 75' lang='lat' dir='ltr'><strong>Valerius,</strong></span> <span class='ocrx_word' id='word_1_152' title='bbox 1202 1911 1344 1964; x_wconf 65' lang='lat' dir='ltr'><strong>uecta.</strong></span> 
     </span>
     <span class='ocr_line' id='line_1_19' title="bbox 141 1979 1338 2067; baseline 0.003 -24"><span class='ocrx_word' id='word_1_153' title='bbox 141 1979 189 2044; x_wconf 93' lang='lat' dir='ltr'><strong>M.</strong></span> <span class='ocrx_word' id='word_1_154' title='bbox 206 1980 351 2047; x_wconf 75' lang='lat' dir='ltr'><strong>Horatius</strong></span> <span class='ocrx_word' id='word_1_155' title='bbox 363 2005 373 2060; x_wconf 85' lang='lat'>3</span> <span class='ocrx_word' id='word_1_156' title='bbox 398 1984 449 2064; x_wconf 92' lang='lat' dir='ltr'><strong>qui</strong></span> <span class='ocrx_word' id='word_1_157' title='bbox 476 1982 631 2065; x_wconf 87' lang='lat' dir='ltr'><strong>externplo</strong></span> <span class='ocrx_word' id='word_1_158' title='bbox 653 1983 866 2064; x_wconf 82' lang='lat' dir='ltr'><strong>magistratum</strong></span> <span class='ocrx_word' id='word_1_159' title='bbox 891 1994 1085 2067; x_wconf 76' lang='lat' dir='ltr'><strong>occeperrurt.</strong></span> <span class='ocrx_word' id='word_1_160' title='bbox 1112 2004 1189 2066; x_wconf 89' lang='lat' dir='ltr'><strong>quo·</strong></span> <span class='ocrx_word' id='word_1_161' title='bbox 1200 1979 1338 2055; x_wconf 48' lang='grc' dir='ltr'><strong>ΜΨ·</strong></span> 
     </span>
     <span class='ocr_line' id='line_1_20' title="bbox 142 2043 1348 2158; baseline 0.002 -27"><span class='ocrx_word' id='word_1_162' title='bbox 142 2088 209 2131; x_wconf 85' lang='lat' dir='ltr'><strong>nun</strong></span> <span class='ocrx_word' id='word_1_163' title='bbox 233 2070 407 2133; x_wconf 88' lang='lat' dir='ltr'><strong>consulatus</strong></span> <span class='ocrx_word' id='word_1_164' title='bbox 423 2069 575 2153; x_wconf 88' lang='lat' dir='ltr'><strong>popularis</strong></span> <span class='ocrx_word' id='word_1_165' title='bbox 595 2070 660 2131; x_wconf 87' lang='lat' dir='ltr'><strong>sine</strong></span> <span class='ocrx_word' id='word_1_166' title='bbox 680 2070 742 2131; x_wconf 91' lang='lat' dir='ltr'><strong>ulla</strong></span> <span class='ocrx_word' id='word_1_167' title='bbox 756 2066 879 2131; x_wconf 90' lang='lat' dir='ltr'><strong>Patrum</strong></span> <span class='ocrx_word' id='word_1_168' title='bbox 902 2068 1023 2151; x_wconf 86' lang='lat' dir='ltr'><strong>injuria,</strong></span> <span class='ocrx_word' id='word_1_169' title='bbox 1043 2090 1100 2133; x_wconf 87' lang='lat' dir='ltr'><strong>nec</strong></span> <span class='ocrx_word' id='word_1_170' title='bbox 1123 2043 1348 2158; x_wconf 44' lang='lat' dir='ltr'><strong>sinelpffilffss‘fssfi’⁰</strong></span> 
     </span>
     <span class='ocr_line' id='line_1_21' title="bbox 143 2154 1267 2239; baseline 0.006 -23"><span class='ocrx_word' id='word_1_171' title='bbox 143 2154 322 2219; x_wconf 84' lang='lat' dir='ltr'><strong>obfcnsione</strong></span> <span class='ocrx_word' id='word_1_172' title='bbox 353 2156 420 2219; x_wconf 87' lang='lat' dir='ltr'><strong>fuit.</strong></span> <span class='ocrx_word' id='word_1_173' title='bbox 450 2156 598 2238; x_wconf 90' lang='lat' dir='ltr'><strong>quidquid</strong></span> <span class='ocrx_word' id='word_1_174' title='bbox 627 2156 709 2219; x_wconf 85' lang='lat' dir='ltr'><strong>enim</strong></span> <span class='ocrx_word' id='word_1_175' title='bbox 735 2156 868 2218; x_wconf 77' lang='lat' dir='ltr'><strong>libertati</strong></span> <span class='ocrx_word' id='word_1_176' title='bbox 896 2155 993 2239; x_wconf 88' lang='lat' dir='ltr'><strong>plebis</strong></span> <span class='ocrx_word' id='word_1_177' title='bbox 1023 2169 1267 2237; x_wconf 56' lang='lat' dir='ltr'><strong>carereturffiou.</strong></span> 
     </span>
    </p>

    <p class='ocr_par' dir='ltr' id='par_1_12' title="bbox 68 2240 1308 2844">
     <span class='ocr_line' id='line_1_22' title="bbox 68 2240 1308 2325; baseline 0.004 -26"><span class='ocrx_word' id='word_1_178' title='bbox 68 2240 71 2247; x_wconf 84' lang='lat'>&#39;</span> <span class='ocrx_word' id='word_1_179' title='bbox 142 2241 174 2301; x_wconf 93' lang='lat' dir='ltr'><strong>id</strong></span> <span class='ocrx_word' id='word_1_180' title='bbox 216 2243 276 2305; x_wconf 88' lang='lat' dir='ltr'><strong>suis</strong></span> <span class='ocrx_word' id='word_1_181' title='bbox 314 2242 463 2305; x_wconf 80' lang='lat' dir='ltr'><strong>decedere</strong></span> <span class='ocrx_word' id='word_1_182' title='bbox 500 2242 608 2325; x_wconf 86' lang='lat' dir='ltr'><strong>opibus</strong></span> <span class='ocrx_word' id='word_1_183' title='bbox 646 2242 822 2305; x_wconf 88' lang='lat' dir='ltr'><strong>credebant.</strong></span> <span class='ocrx_word' id='word_1_184' title='bbox 866 2242 1011 2317; x_wconf 88' lang='lat' dir='ltr'><strong>anium</strong></span> <span class='ocrx_word' id='word_1_185' title='bbox 1045 2244 1308 2325; x_wconf 48' lang='lat' dir='ltr'><strong>primamne-a</strong></span> 
     </span>
     <span class='ocr_line' id='line_1_23' title="bbox 142 2322 1294 2411; baseline 0.003 -22"><span class='ocrx_word' id='word_1_186' title='bbox 142 2324 236 2410; x_wconf 67' lang='lat' dir='ltr'><strong>buum</strong></span> <span class='ocrx_word' id='word_1_187' title='bbox 257 2329 350 2391; x_wconf 89' lang='lat' dir='ltr'><strong>veluti</strong></span> <span class='ocrx_word' id='word_1_188' title='bbox 374 2330 405 2392; x_wconf 90' lang='lat' dir='ltr'><strong>in</strong></span> <span class='ocrx_word' id='word_1_189' title='bbox 432 2340 625 2391; x_wconf 86' lang='lat' dir='ltr'><strong>controverso</strong></span> <span class='ocrx_word' id='word_1_190' title='bbox 643 2327 712 2411; x_wconf 89' lang='lat' dir='ltr'><strong>jure</strong></span> <span class='ocrx_word' id='word_1_191' title='bbox 740 2341 830 2408; x_wconf 88' lang='lat' dir='ltr'><strong>esset,</strong></span> <span class='ocrx_word' id='word_1_192' title='bbox 849 2340 1064 2392; x_wconf 82' lang='lat' dir='ltr'><strong>tenerenturne</strong></span> <span class='ocrx_word' id='word_1_193' title='bbox 1085 2322 1294 2401; x_wconf 50' lang='lat' dir='ltr'><strong>Pacorum</strong></span> 
     </span>
     <span class='ocr_line' id='line_1_24' title="bbox 140 2389 1280 2499; baseline 0.002 -23"><span class='ocrx_word' id='word_1_194' title='bbox 140 2416 166 2451; x_wconf 91' lang='lat'><strong>⁴¹</strong></span> <span class='ocrx_word' id='word_1_195' title='bbox 181 2414 357 2497; x_wconf 80' lang='lat' dir='ltr'><strong>plebiscitis,</strong></span> <span class='ocrx_word' id='word_1_196' title='bbox 369 2416 469 2499; x_wconf 82' lang='lat' dir='ltr'><strong>legem</strong></span> <span class='ocrx_word' id='word_1_197' title='bbox 484 2416 662 2479; x_wconf 87' lang='lat' dir='ltr'><strong>centuriatis</strong></span> <span class='ocrx_word' id='word_1_198' title='bbox 677 2416 809 2479; x_wconf 88' lang='lat' dir='ltr'><strong>comitiis</strong></span> <span class='ocrx_word' id='word_1_199' title='bbox 822 2415 931 2495; x_wconf 87' lang='lat' dir='ltr'><strong>tulere,</strong></span> <span class='ocrx_word' id='word_1_200' title='bbox 946 2414 1021 2494; x_wconf 85' lang='lat' dir='ltr'><strong>‘Ut,</strong></span> <span class='ocrx_word' id='word_1_201' title='bbox 1036 2416 1119 2497; x_wconf 89' lang='lat' dir='ltr'><strong>quod</strong></span> <span class='ocrx_word' id='word_1_202' title='bbox 1134 2389 1280 2478; x_wconf 56' lang='lat' dir='ltr'><strong>tri-⁴¹⁸⁵*</strong></span> 
     </span>
     <span class='ocr_line' id='line_1_25' title="bbox 141 2500 1189 2587; baseline 0.004 -27"><span class='ocrx_word' id='word_1_203' title='bbox 141 2500 239 2563; x_wconf 89' lang='lat' dir='ltr'><strong>butim</strong></span> <span class='ocrx_word' id='word_1_204' title='bbox 251 2503 349 2585; x_wconf 91' lang='lat' dir='ltr'><strong>plebis</strong></span> <span class='ocrx_word' id='word_1_205' title='bbox 359 2501 510 2587; x_wconf 86' lang='lat' dir='ltr'><strong>jussisset,</strong></span> <span class='ocrx_word' id='word_1_206' title='bbox 532 2503 679 2585; x_wconf 91' lang='lat' dir='ltr'><strong>populum</strong></span> <span class='ocrx_word' id='word_1_207' title='bbox 701 2501 842 2563; x_wconf 89' lang='lat' dir='ltr'><strong>teneret.’</strong></span> <span class='ocrx_word' id='word_1_208' title='bbox 858 2522 919 2582; x_wconf 92' lang='lat' dir='ltr'><strong>qua</strong></span> <span class='ocrx_word' id='word_1_209' title='bbox 938 2502 1006 2582; x_wconf 80' lang='lat' dir='ltr'><strong>lege</strong></span> <span class='ocrx_word' id='word_1_210' title='bbox 1020 2502 1189 2565; x_wconf 86' lang='lat' dir='ltr'><strong>tribuniciis</strong></span> 
     </span>
     <span class='ocr_line' id='line_1_26' title="bbox 140 2587 1191 2670; baseline 0.003 -21"><span class='ocrx_word' id='word_1_211' title='bbox 140 2588 348 2670; x_wconf 80' lang='lat' dir='ltr'><strong>rogationibus</strong></span> <span class='ocrx_word' id='word_1_212' title='bbox 382 2589 477 2652; x_wconf 89' lang='lat' dir='ltr'><strong>telum</strong></span> <span class='ocrx_word' id='word_1_213' title='bbox 505 2589 684 2652; x_wconf 88' lang='lat' dir='ltr'><strong>acerrimum</strong></span> <span class='ocrx_word' id='word_1_214' title='bbox 712 2588 818 2651; x_wconf 90' lang='lat' dir='ltr'><strong>datum</strong></span> <span class='ocrx_word' id='word_1_215' title='bbox 848 2599 905 2650; x_wconf 87' lang='lat' dir='ltr'><strong>est.</strong></span> <span class='ocrx_word' id='word_1_216' title='bbox 948 2587 1051 2650; x_wconf 81' lang='lat' dir='ltr'><strong>Aliam</strong></span> <span class='ocrx_word' id='word_1_217' title='bbox 1080 2588 1191 2652; x_wconf 89' lang='lat' dir='ltr'><strong>deinde</strong></span> 
     </span>
     <span class='ocr_line' id='line_1_27' title="bbox 139 2674 1190 2758; baseline 0 -22"><span class='ocrx_word' id='word_1_218' title='bbox 139 2676 331 2738; x_wconf 90' lang='lat' dir='ltr'><strong>consularem</strong></span> <span class='ocrx_word' id='word_1_219' title='bbox 354 2676 454 2757; x_wconf 74' lang='lat' dir='ltr'><strong>legem</strong></span> <span class='ocrx_word' id='word_1_220' title='bbox 478 2677 516 2739; x_wconf 90' lang='lat' dir='ltr'><strong>de</strong></span> <span class='ocrx_word' id='word_1_221' title='bbox 542 2675 769 2758; x_wconf 85' lang='lat' dir='ltr'><strong>provocatione,</strong></span> <span class='ocrx_word' id='word_1_222' title='bbox 803 2674 927 2735; x_wconf 90' lang='lat' dir='ltr'><strong>unicum</strong></span> <span class='ocrx_word' id='word_1_223' title='bbox 954 2674 1127 2757; x_wconf 72' lang='lat' dir='ltr'><strong>praesidium</strong></span> <span class='ocrx_word' id='word_1_224' title='bbox 1151 2675 1190 2736; x_wconf 92' lang='lat' dir='ltr'><strong>li-</strong></span> 
     </span>
     <span class='ocr_line' id='line_1_28' title="bbox 137 2759 1190 2844; baseline 0.002 -22"><span class='ocrx_word' id='word_1_225' title='bbox 137 2759 278 2840; x_wconf 87' lang='lat' dir='ltr'><strong>bertatis,</strong></span> <span class='ocrx_word' id='word_1_226' title='bbox 293 2761 485 2826; x_wconf 83' lang='lat' dir='ltr'><strong>decemvirali</strong></span> <span class='ocrx_word' id='word_1_227' title='bbox 501 2773 653 2844; x_wconf 82' lang='lat' dir='ltr'><strong>potestate</strong></span> <span class='ocrx_word' id='word_1_228' title='bbox 669 2781 814 2840; x_wconf 85' lang='lat' dir='ltr'><strong>eversam,</strong></span> <span class='ocrx_word' id='word_1_229' title='bbox 826 2782 888 2823; x_wconf 92' lang='lat' dir='ltr'><strong>non</strong></span> <span class='ocrx_word' id='word_1_230' title='bbox 905 2761 1070 2824; x_wconf 89' lang='lat' dir='ltr'><strong>restituunt</strong></span> <span class='ocrx_word' id='word_1_231' title='bbox 1085 2761 1190 2841; x_wconf 89' lang='lat' dir='ltr'><strong>modo,</strong></span> 
     </span>
    </p>

    <p class='ocr_par' dir='ltr' id='par_1_13' title="bbox 137 2847 1191 2940">
     <span class='ocr_line' id='line_1_29' title="bbox 137 2847 1191 2940; baseline 0.002 -32"><span class='ocrx_word' id='word_1_232' title='bbox 137 2847 194 2912; x_wconf 90' lang='lat' dir='ltr'><strong>sed</strong></span> <span class='ocrx_word' id='word_1_233' title='bbox 211 2849 303 2912; x_wconf 86' lang='lat' dir='ltr'><strong>etiarn</strong></span> <span class='ocrx_word' id='word_1_234' title='bbox 327 2850 359 2912; x_wconf 92' lang='lat' dir='ltr'><strong>in</strong></span> <span class='ocrx_word' id='word_1_235' title='bbox 380 2861 534 2933; x_wconf 88' lang='lat' dir='ltr'><strong>posterum</strong></span> <span class='ocrx_word' id='word_1_236' title='bbox 557 2850 708 2926; x_wconf 88' lang='lat' dir='ltr'><strong>muniunt,</strong></span> <span class='ocrx_word' id='word_1_237' title='bbox 723 2852 750 2887; x_wconf 80' lang='lat'><strong>⁴²</strong></span> <span class='ocrx_word' id='word_1_238' title='bbox 763 2847 930 2940; x_wconf 74' lang='lat' dir='ltr'><strong>sanciendo</strong></span> <span class='ocrx_word' id='word_1_239' title='bbox 953 2869 1063 2911; x_wconf 88' lang='lat' dir='ltr'><strong>novam</strong></span> <span class='ocrx_word' id='word_1_240' title='bbox 1079 2848 1191 2930; x_wconf 81' lang='lat' dir='ltr'><strong>legem,</strong></span> 
     </span>
    </p>

    <p class='ocr_par' dir='ltr' id='par_1_14' title="bbox 137 2932 1194 3532">
     <span class='ocr_line' id='line_1_30' title="bbox 137 2932 1191 3018; baseline -0.001 -21"><span class='ocrx_word' id='word_1_241' title='bbox 137 2932 214 2997; x_wconf 87' lang='lat' dir='ltr'><strong>‘Ne</strong></span> <span class='ocrx_word' id='word_1_242' title='bbox 230 2937 298 3016; x_wconf 88' lang='lat' dir='ltr'><strong>quis</strong></span> <span class='ocrx_word' id='word_1_243' title='bbox 313 2937 408 2998; x_wconf 90' lang='lat' dir='ltr'><strong>ullum</strong></span> <span class='ocrx_word' id='word_1_244' title='bbox 431 2937 644 3018; x_wconf 80' lang='lat' dir='ltr'><strong>magistratum</strong></span> <span class='ocrx_word' id='word_1_245' title='bbox 669 2936 734 2996; x_wconf 88' lang='lat' dir='ltr'><strong>sine</strong></span> <span class='ocrx_word' id='word_1_246' title='bbox 756 2934 973 3017; x_wconf 89' lang='lat' dir='ltr'><strong>provocatione</strong></span> <span class='ocrx_word' id='word_1_247' title='bbox 994 2946 1124 2997; x_wconf 88' lang='lat' dir='ltr'><strong>crearet.</strong></span> <span class='ocrx_word' id='word_1_248' title='bbox 1139 2936 1191 3017; x_wconf 92' lang='lat' dir='ltr'><strong>qui</strong></span> 
     </span>
     <span class='ocr_line' id='line_1_31' title="bbox 138 3019 1192 3104; baseline -0.001 -23"><span class='ocrx_word' id='word_1_249' title='bbox 138 3033 283 3100; x_wconf 86' lang='lat' dir='ltr'><strong>creasset,</strong></span> <span class='ocrx_word' id='word_1_250' title='bbox 293 3043 362 3084; x_wconf 89' lang='lat' dir='ltr'><strong>eum</strong></span> <span class='ocrx_word' id='word_1_251' title='bbox 373 3019 425 3102; x_wconf 89' lang='lat' dir='ltr'><strong>jus</strong></span> <span class='ocrx_word' id='word_1_252' title='bbox 436 3023 542 3104; x_wconf 85' lang='lat' dir='ltr'><strong>sasque</strong></span> <span class='ocrx_word' id='word_1_253' title='bbox 557 3033 639 3084; x_wconf 90' lang='lat' dir='ltr'><strong>esset</strong></span> <span class='ocrx_word' id='word_1_254' title='bbox 649 3021 769 3083; x_wconf 86' lang='lat' dir='ltr'><strong>occidi:</strong></span> <span class='ocrx_word' id='word_1_255' title='bbox 793 3041 869 3083; x_wconf 87' lang='lat' dir='ltr'><strong>neve</strong></span> <span class='ocrx_word' id='word_1_256' title='bbox 885 3042 923 3082; x_wconf 90' lang='lat' dir='ltr'><strong>ea</strong></span> <span class='ocrx_word' id='word_1_257' title='bbox 937 3020 1036 3083; x_wconf 79' lang='lat' dir='ltr'><strong>cades</strong></span> <span class='ocrx_word' id='word_1_258' title='bbox 1052 3021 1192 3102; x_wconf 88' lang='lat' dir='ltr'><strong>capitalis</strong></span> 
     </span>
     <span class='ocr_line' id='line_1_32' title="bbox 139 3105 1192 3188; baseline 0.001 -21"><span class='ocrx_word' id='word_1_259' title='bbox 139 3125 232 3168; x_wconf 83' lang='lat' dir='ltr'><strong>noxae</strong></span> <span class='ocrx_word' id='word_1_260' title='bbox 247 3106 426 3170; x_wconf 69' lang='lat' dir='ltr'><strong>haberetur!</strong></span> <span class='ocrx_word' id='word_1_261' title='bbox 471 3107 514 3170; x_wconf 89' lang='lat' dir='ltr'><strong>Et</strong></span> <span class='ocrx_word' id='word_1_262' title='bbox 528 3127 622 3188; x_wconf 91' lang='lat' dir='ltr'><strong>quum</strong></span> <span class='ocrx_word' id='word_1_263' title='bbox 638 3107 761 3188; x_wconf 90' lang='lat' dir='ltr'><strong>plebem</strong></span> <span class='ocrx_word' id='word_1_264' title='bbox 782 3106 854 3169; x_wconf 86' lang='lat' dir='ltr'><strong>hinc</strong></span> <span class='ocrx_word' id='word_1_265' title='bbox 875 3105 1104 3185; x_wconf 85' lang='lat' dir='ltr'><strong>provocatione,</strong></span> <span class='ocrx_word' id='word_1_266' title='bbox 1118 3106 1192 3168; x_wconf 89' lang='lat' dir='ltr'><strong>binc</strong></span> 
     </span>
     <span class='ocr_line' id='line_1_33' title="bbox 138 3189 1194 3271; baseline -0.002 -19"><span class='ocrx_word' id='word_1_267' title='bbox 138 3191 302 3254; x_wconf 90' lang='lat' dir='ltr'><strong>tribunicio</strong></span> <span class='ocrx_word' id='word_1_268' title='bbox 325 3193 438 3254; x_wconf 89' lang='lat' dir='ltr'><strong>auxilio</strong></span> <span class='ocrx_word' id='word_1_269' title='bbox 459 3194 532 3254; x_wconf 91' lang='lat' dir='ltr'><strong>satis</strong></span> <span class='ocrx_word' id='word_1_270' title='bbox 559 3193 740 3268; x_wconf 84' lang='lat' dir='ltr'><strong>firmassent,</strong></span> <span class='ocrx_word' id='word_1_271' title='bbox 767 3191 838 3271; x_wconf 88' lang='lat' dir='ltr'><strong>ipsis</strong></span> <span class='ocrx_word' id='word_1_272' title='bbox 862 3209 984 3271; x_wconf 89' lang='lat' dir='ltr'><strong>quoque</strong></span> <span class='ocrx_word' id='word_1_273' title='bbox 998 3189 1138 3268; x_wconf 89' lang='lat' dir='ltr'><strong>tribunis,</strong></span> <span class='ocrx_word' id='word_1_274' title='bbox 1158 3200 1194 3250; x_wconf 90' lang='lat' dir='ltr'><strong>ut</strong></span> 
     </span>
     <span class='ocr_line' id='line_1_34' title="bbox 139 3273 1193 3356; baseline -0.001 -18"><span class='ocrx_word' id='word_1_275' title='bbox 139 3278 326 3340; x_wconf 87' lang='lat' dir='ltr'><strong>sacrosancti</strong></span> <span class='ocrx_word' id='word_1_276' title='bbox 348 3278 530 3354; x_wconf 89' lang='lat' dir='ltr'><strong>viderentur,</strong></span> <span class='ocrx_word' id='word_1_277' title='bbox 557 3275 656 3356; x_wconf 88' lang='lat' dir='ltr'><strong>(cujus</strong></span> <span class='ocrx_word' id='word_1_278' title='bbox 681 3275 723 3336; x_wconf 90' lang='lat' dir='ltr'><strong>rei</strong></span> <span class='ocrx_word' id='word_1_279' title='bbox 749 3295 845 3356; x_wconf 90' lang='lat' dir='ltr'><strong>prope</strong></span> <span class='ocrx_word' id='word_1_280' title='bbox 864 3273 931 3356; x_wconf 89' lang='lat' dir='ltr'><strong>jam</strong></span> <span class='ocrx_word' id='word_1_281' title='bbox 951 3273 1101 3336; x_wconf 88' lang='lat' dir='ltr'><strong>memoria</strong></span> <span class='ocrx_word' id='word_1_282' title='bbox 1115 3275 1193 3337; x_wconf 83' lang='lat' dir='ltr'><strong>abo·</strong></span> 
     </span>
     <span class='ocr_line' id='line_1_35' title="bbox 139 3359 1194 3444; baseline -0.002 -20"><span class='ocrx_word' id='word_1_283' title='bbox 139 3363 268 3443; x_wconf 87' lang='lat' dir='ltr'><strong>leverat)</strong></span> <span class='ocrx_word' id='word_1_284' title='bbox 296 3362 398 3426; x_wconf 84' lang='lat' dir='ltr'><strong>relatis</strong></span> <span class='ocrx_word' id='word_1_285' title='bbox 420 3361 601 3444; x_wconf 81' lang='lat' dir='ltr'><strong>quibusdam</strong></span> <span class='ocrx_word' id='word_1_286' title='bbox 624 3381 663 3422; x_wconf 91' lang='lat' dir='ltr'><strong>ex</strong></span> <span class='ocrx_word' id='word_1_287' title='bbox 689 3381 803 3440; x_wconf 83' lang='lat' dir='ltr'><strong>magno</strong></span> <span class='ocrx_word' id='word_1_288' title='bbox 825 3359 984 3422; x_wconf 80' lang='lat' dir='ltr'><strong>intervallo</strong></span> <span class='ocrx_word' id='word_1_289' title='bbox 999 3361 1194 3440; x_wconf 87' lang='lat' dir='ltr'><strong>ceremoniis,</strong></span> 
     </span>
     <span class='ocr_line' id='line_1_36' title="bbox 138 3446 1192 3532; baseline 0 -22"><span class='ocrx_word' id='word_1_290' title='bbox 138 3461 326 3513; x_wconf 83' lang='lat' dir='ltr'><strong>renovarunt</strong></span> <span class='ocrx_word' id='word_1_291' title='bbox 334 3470 346 3526; x_wconf 82' lang='lat'>3</span> <span class='ocrx_word' id='word_1_292' title='bbox 370 3461 402 3510; x_wconf 92' lang='lat' dir='ltr'><strong>et</strong></span> <span class='ocrx_word' id='word_1_293' title='bbox 417 3469 509 3532; x_wconf 88' lang='lat' dir='ltr'><strong>quum</strong></span> <span class='ocrx_word' id='word_1_294' title='bbox 525 3447 671 3529; x_wconf 80' lang='lat' dir='ltr'><strong>religione</strong></span> <span class='ocrx_word' id='word_1_295' title='bbox 687 3446 850 3509; x_wconf 86' lang='lat' dir='ltr'><strong>inviolatos</strong></span> <span class='ocrx_word' id='word_1_296' title='bbox 861 3467 926 3526; x_wconf 85' lang='lat' dir='ltr'><strong>eos,</strong></span> <span class='ocrx_word' id='word_1_297' title='bbox 939 3456 1004 3508; x_wconf 75' lang='lat' dir='ltr'><strong>bam</strong></span> <span class='ocrx_word' id='word_1_298' title='bbox 1017 3446 1086 3530; x_wconf 78' lang='lat' dir='ltr'><strong>lege</strong></span> <span class='ocrx_word' id='word_1_299' title='bbox 1097 3449 1192 3510; x_wconf 88' lang='lat' dir='ltr'><strong>etiam</strong></span> 
     </span>
    </p>
   </div>
   <div class='ocr_carea' id='block_1_3' title="bbox 138 3531 1192 3720">
    <p class='ocr_par' dir='ltr' id='par_1_15' title="bbox 138 3531 1192 3720">
     <span class='ocr_line' id='line_1_37' title="bbox 138 3531 1192 3618; baseline 0 -20"><span class='ocrx_word' id='word_1_300' title='bbox 138 3535 289 3615; x_wconf 85' lang='lat' dir='ltr'><strong>fecerunt,</strong></span> <span class='ocrx_word' id='word_1_301' title='bbox 301 3535 478 3615; x_wconf 87' lang='lat' dir='ltr'><strong>sanciendo,</strong></span> <span class='ocrx_word' id='word_1_302' title='bbox 495 3534 505 3568; x_wconf 92' lang='lat'>‘</span> <span class='ocrx_word' id='word_1_303' title='bbox 517 3532 573 3614; x_wconf 85' lang='lat' dir='ltr'><strong>Ut,</strong></span> <span class='ocrx_word' id='word_1_304' title='bbox 586 3533 636 3616; x_wconf 89' lang='lat' dir='ltr'><strong>qui</strong></span> <span class='ocrx_word' id='word_1_305' title='bbox 649 3533 776 3595; x_wconf 90' lang='lat' dir='ltr'><strong>tribunis</strong></span> <span class='ocrx_word' id='word_1_306' title='bbox 789 3534 898 3618; x_wconf 90' lang='lat' dir='ltr'><strong>plebis,</strong></span> <span class='ocrx_word' id='word_1_307' title='bbox 908 3533 1057 3614; x_wconf 69' lang='lat' dir='ltr'><strong>aedilibus,</strong></span> <span class='ocrx_word' id='word_1_308' title='bbox 1071 3537 1099 3572; x_wconf 78' lang='lat'><strong>⁴⁴</strong></span> <span class='ocrx_word' id='word_1_309' title='bbox 1105 3531 1192 3618; x_wconf 85' lang='lat' dir='ltr'><strong>judi-</strong></span> 
     </span>
     <span class='ocr_line' id='line_1_38' title="bbox 254 3665 1083 3720; baseline -0.001 -2"><span class='ocrx_word' id='word_1_310' title='bbox 254 3665 386 3720; x_wconf 70' lang='lat' dir='ltr'><strong>·t.crev.</strong></span> <span class='ocrx_word' id='word_1_311' title='bbox 482 3667 784 3720; x_wconf 63' lang='lat' dir='ltr'><strong>assumamus.</strong></span> <span class='ocrx_word' id='word_1_312' title='bbox 892 3665 1083 3718; x_wconf 64' lang='lat' dir='ltr'><strong>summast</strong></span> 
     </span>
    </p>
   </div>
   <div class='ocr_carea' id='block_1_4' title="bbox 131 3773 1230 4634">
    <p class='ocr_par' dir='ltr' id='par_1_16' title="bbox 131 3773 1230 4634">
     <span class='ocr_line' id='line_1_39' title="bbox 131 3773 1230 3843; baseline -0.005 -16"><span class='ocrx_word' id='word_1_313' title='bbox 131 3788 226 3843; x_wconf 80' lang='lat' dir='ltr'><strong>partem</strong></span> <span class='ocrx_word' id='word_1_314' title='bbox 247 3775 368 3827; x_wconf 78' lang='lat' dir='ltr'><strong>feruntur:</strong></span> <span class='ocrx_word' id='word_1_315' title='bbox 398 3776 498 3838; x_wconf 72' lang='lat' dir='ltr'><strong>matt,</strong></span> <span class='ocrx_word' id='word_1_316' title='bbox 515 3791 588 3841; x_wconf 85' lang='lat' dir='ltr'><strong>quum</strong></span> <span class='ocrx_word' id='word_1_317' title='bbox 605 3777 650 3826; x_wconf 75' lang='lat' dir='ltr'><strong>lisa</strong></span> <span class='ocrx_word' id='word_1_318' title='bbox 714 3775 738 3809; x_wconf 87' lang='lat'><strong>⁴⁰</strong></span> <span class='ocrx_word' id='word_1_319' title='bbox 758 3773 774 3803; x_wconf 82' lang='lat'><em>*</em></span> <span class='ocrx_word' id='word_1_320' title='bbox 797 3774 905 3837; x_wconf 56' lang='lat' dir='ltr'><strong>Spu...</strong></span> <span class='ocrx_word' id='word_1_321' title='bbox 922 3776 994 3839; x_wconf 75' lang='lat' dir='ltr'><strong>augis</strong></span> <span class='ocrx_word' id='word_1_322' title='bbox 1014 3791 1080 3838; x_wconf 75' lang='lat' dir='ltr'><strong>paras</strong></span> <span class='ocrx_word' id='word_1_323' title='bbox 1100 3773 1195 3836; x_wconf 66' lang='lat' dir='ltr'><strong>moitis]</strong></span> <span class='ocrx_word' id='word_1_324' title='bbox 1226 3779 1230 3786; x_wconf 90' lang='lat'><em>&#39;</em></span> 
     </span>
     <span class='ocr_line' id='line_1_40' title="bbox 134 3839 1197 3907; baseline -0.006 -13"><span class='ocrx_word' id='word_1_325' title='bbox 134 3843 230 3900; x_wconf 77' lang='lat' dir='ltr'><strong>alicubi,</strong></span> <span class='ocrx_word' id='word_1_326' title='bbox 243 3845 331 3894; x_wconf 75' lang='lat' dir='ltr'><strong>morari</strong></span> <span class='ocrx_word' id='word_1_327' title='bbox 346 3842 465 3907; x_wconf 82' lang='lat' dir='ltr'><strong>incipiunt.</strong></span> <span class='ocrx_word' id='word_1_328' title='bbox 498 3844 532 3892; x_wconf 83' lang='lat' dir='ltr'><strong>At</strong></span> <span class='ocrx_word' id='word_1_329' title='bbox 548 3843 573 3892; x_wconf 86' lang='lat' dir='ltr'><strong>ia</strong></span> <span class='ocrx_word' id='word_1_330' title='bbox 591 3857 650 3907; x_wconf 74' lang='lat' dir='ltr'><strong>pras-</strong></span> <span class='ocrx_word' id='word_1_331' title='bbox 682 3839 758 3902; x_wconf 64' lang='lat' dir='ltr'><strong>uaga</strong></span> <span class='ocrx_word' id='word_1_332' title='bbox 777 3842 830 3905; x_wconf 82' lang='lat' dir='ltr'><strong>quia</strong></span> <span class='ocrx_word' id='word_1_333' title='bbox 845 3840 988 3904; x_wconf 76' lang='lat' dir='ltr'><strong>sperabatur,</strong></span> <span class='ocrx_word' id='word_1_334' title='bbox 1007 3854 1046 3889; x_wconf 81' lang='lat' dir='ltr'><strong>eor</strong></span> <span class='ocrx_word' id='word_1_335' title='bbox 1066 3839 1125 3888; x_wconf 67' lang='lat' dir='ltr'><strong>hm</strong></span> <span class='ocrx_word' id='word_1_336' title='bbox 1145 3854 1197 3887; x_wconf 81' lang='lat' dir='ltr'><strong>ma·</strong></span> 
     </span>
     <span class='ocr_line' id='line_1_41' title="bbox 133 3897 1196 3974; baseline -0.007 -15"><span class='ocrx_word' id='word_1_337' title='bbox 133 3911 195 3960; x_wconf 83' lang='lat' dir='ltr'><strong>reati</strong></span> <span class='ocrx_word' id='word_1_338' title='bbox 210 3909 305 3971; x_wconf 63' lang='lat' dir='ltr'><strong>negotio</strong></span> <span class='ocrx_word' id='word_1_339' title='bbox 315 3909 466 3974; x_wconf 77' lang='lat' dir='ltr'><strong>proficbcitm</strong></span> <span class='ocrx_word' id='word_1_340' title='bbox 474 3908 590 3958; x_wconf 73' lang='lat' dir='ltr'><strong>exercitur</strong></span> <span class='ocrx_word' id='word_1_341' title='bbox 601 3907 650 3958; x_wconf 79' lang='lat' dir='ltr'><strong>llo·</strong></span> <span class='ocrx_word' id='word_1_342' title='bbox 680 3907 765 3958; x_wconf 84' lang='lat' dir='ltr'><strong>rituror</strong></span> <span class='ocrx_word' id='word_1_343' title='bbox 780 3908 810 3955; x_wconf 82' lang='lat' dir='ltr'><strong>da</strong></span> <span class='ocrx_word' id='word_1_344' title='bbox 828 3897 921 3972; x_wconf 78' lang='lat' dir='ltr'><strong>populo,</strong></span> <span class='ocrx_word' id='word_1_345' title='bbox 938 3919 1007 3969; x_wconf 75' lang='lat' dir='ltr'><strong>quarn</strong></span> <span class='ocrx_word' id='word_1_346' title='bbox 1023 3904 1048 3952; x_wconf 87' lang='lat' dir='ltr'><strong>ia</strong></span> <span class='ocrx_word' id='word_1_347' title='bbox 1063 3904 1196 3954; x_wconf 67' lang='lat' dir='ltr'><strong>neeman</strong></span> 
     </span>
     <span class='ocr_line' id='line_1_42' title="bbox 134 3972 1018 4040; baseline -0.007 -16"><span class='ocrx_word' id='word_1_348' title='bbox 134 3990 217 4024; x_wconf 77' lang='lat' dir='ltr'><strong>manus</strong></span> <span class='ocrx_word' id='word_1_349' title='bbox 237 3989 252 4023; x_wconf 78' lang='lat' dir='ltr'><strong>s</strong></span> <span class='ocrx_word' id='word_1_350' title='bbox 271 3974 341 4024; x_wconf 81' lang='lat' dir='ltr'><strong>Sacro</strong></span> <span class='ocrx_word' id='word_1_351' title='bbox 359 3986 449 4034; x_wconf 78' lang='lat' dir='ltr'><strong>monta,</strong></span> <span class='ocrx_word' id='word_1_352' title='bbox 462 3973 502 4023; x_wconf 84' lang='lat' dir='ltr'><strong>ubi</strong></span> <span class='ocrx_word' id='word_1_353' title='bbox 517 3974 649 4024; x_wconf 74' lang='lat' dir='ltr'><strong>conedam</strong></span> <span class='ocrx_word' id='word_1_354' title='bbox 681 3973 861 4040; x_wconf 61' lang='lat' dir='ltr'><strong>medentium</strong></span> <span class='ocrx_word' id='word_1_355' title='bbox 873 3972 1018 4020; x_wconf 68' lang='lat' dir='ltr'><strong>munorum.</strong></span> 
     </span>
     <span class='ocr_line' id='line_1_43' title="bbox 134 4032 1198 4104; baseline -0.008 -16"><span class='ocrx_word' id='word_1_356' title='bbox 134 4041 396 4104; x_wconf 79' lang='lat' dir='ltr'><strong>aliquamdiuetcartra</strong></span> <span class='ocrx_word' id='word_1_357' title='bbox 410 4040 533 4091; x_wconf 78' lang='lat' dir='ltr'><strong>locaverat.</strong></span> <span class='ocrx_word' id='word_1_358' title='bbox 567 4039 649 4103; x_wconf 82' lang='lat' dir='ltr'><strong>ltaque</strong></span> <span class='ocrx_word' id='word_1_359' title='bbox 713 4037 734 4071; x_wconf 90' lang='lat'><strong>⁴¹</strong></span> <span class='ocrx_word' id='word_1_360' title='bbox 755 4037 886 4100; x_wconf 78' lang='lat' dir='ltr'><strong>Piobiscitis]</strong></span> <span class='ocrx_word' id='word_1_361' title='bbox 911 4037 943 4084; x_wconf 83' lang='lat' dir='ltr'><strong>lir</strong></span> <span class='ocrx_word' id='word_1_362' title='bbox 953 4032 1198 4098; x_wconf 67' lang='lat' dir='ltr'><strong>hgibmanrplaba,</strong></span> 
     </span>
     <span class='ocr_line' id='line_1_44' title="bbox 134 4099 1196 4168; baseline -0.008 -12"><span class='ocrx_word' id='word_1_363' title='bbox 134 4107 278 4156; x_wconf 61' lang='lat' dir='ltr'><strong>masada</strong></span> <span class='ocrx_word' id='word_1_364' title='bbox 288 4105 650 4168; x_wconf 68' lang='lat' dir='ltr'><strong>amntrlgnammsomrtencla.</strong></span> <span class='ocrx_word' id='word_1_365' title='bbox 680 4101 771 4168; x_wconf 78' lang='lat' dir='ltr'><strong>plebelo</strong></span> <span class='ocrx_word' id='word_1_366' title='bbox 780 4103 913 4165; x_wconf 69' lang='lat' dir='ltr'><strong>magistratu</strong></span> <span class='ocrx_word' id='word_1_367' title='bbox 931 4111 1037 4163; x_wconf 65' lang='lat' dir='ltr'><strong>rogate,</strong></span> <span class='ocrx_word' id='word_1_368' title='bbox 1052 4099 1196 4148; x_wconf 76' lang='lat' dir='ltr'><strong>albutiaco·</strong></span> 
     </span>
     <span class='ocr_line' id='line_1_45' title="bbox 137 4163 1197 4282; baseline -0.008 -62"><span class='ocrx_word' id='word_1_369' title='bbox 137 4169 207 4220; x_wconf 81' lang='lat' dir='ltr'><strong>l’lura</strong></span> <span class='ocrx_word' id='word_1_370' title='bbox 235 4169 287 4221; x_wconf 76' lang='lat' dir='ltr'><strong>virle</strong></span> <span class='ocrx_word' id='word_1_371' title='bbox 314 4173 373 4250; x_wconf 80' lang='lat' dir='ltr'><strong>apud</strong></span> <span class='ocrx_word' id='word_1_372' title='bbox 400 4172 474 4235; x_wconf 79' lang='lat' dir='ltr'><strong>iprum</strong></span> <span class='ocrx_word' id='word_1_373' title='bbox 500 4169 651 4220; x_wconf 77' lang='lat' dir='ltr'><strong>Grmorium.</strong></span> <span class='ocrx_word' id='word_1_374' title='bbox 683 4167 879 4282; x_wconf 52' lang='lat' dir='ltr'><strong>mitium.</strong></span> <span class='ocrx_word' id='word_1_375' title='bbox 902 4163 1197 4216; x_wconf 60' lang='lat' dir='ltr'><strong>mel³.rdrr.56.</strong></span> 
     </span>
     <span class='ocr_line' id='line_1_46' title="bbox 139 4226 1196 4300; baseline -0.003 -16"><span class='ocrx_word' id='word_1_376' title='bbox 139 4233 224 4284; x_wconf 60' lang='lat' dir='ltr'><strong>&#39;Vsu</strong></span> <span class='ocrx_word' id='word_1_377' title='bbox 239 4237 311 4284; x_wconf 81' lang='lat' dir='ltr'><strong>etiam</strong></span> <span class='ocrx_word' id='word_1_378' title='bbox 327 4238 414 4300; x_wconf 74' lang='lat' dir='ltr'><strong>rorigus</strong></span> <span class='ocrx_word' id='word_1_379' title='bbox 431 4238 503 4299; x_wconf 69' lang='lat' dir='ltr'><strong>huju</strong></span> <span class='ocrx_word' id='word_1_380' title='bbox 523 4235 592 4286; x_wconf 73' lang='lat' dir='ltr'><strong>mula</strong></span> <span class='ocrx_word' id='word_1_381' title='bbox 610 4251 651 4284; x_wconf 77' lang='lat' dir='ltr'><strong>aa·</strong></span> <span class='ocrx_word' id='word_1_382' title='bbox 714 4233 737 4270; x_wconf 82' lang='lat'><strong>⁴¹</strong></span> <span class='ocrx_word' id='word_1_383' title='bbox 814 4235 819 4246; x_wconf 91' lang='lat'>&#39;</span> <span class='ocrx_word' id='word_1_384' title='bbox 882 4227 1050 4296; x_wconf 64' lang='lat' dir='ltr'><strong>mirga]</strong></span> <span class='ocrx_word' id='word_1_385' title='bbox 1069 4226 1196 4278; x_wconf 73' lang='lat' dir='ltr'><strong>Nonmle</strong></span> 
     </span>
     <span class='ocr_line' id='line_1_47' title="bbox 137 4298 1068 4412; baseline 0.002 -64"><span class='ocrx_word' id='word_1_386' title='bbox 137 4299 425 4360; x_wconf 58' lang='lat' dir='ltr'><strong>annuntiaturus.</strong></span> <span class='ocrx_word' id='word_1_387' title='bbox 684 4298 955 4412; x_wconf 48' lang='lat' dir='ltr'><strong>Sigmimmhffio</strong></span> <span class='ocrx_word' id='word_1_388' title='bbox 1061 4357 1068 4370; x_wconf 42' lang='grc' dir='ltr'>Ι</span> 
     </span>
     <span class='ocr_line' id='line_1_48' title="bbox 170 4357 1230 4431; baseline -0.007 -16"><span class='ocrx_word' id='word_1_389' title='bbox 170 4363 194 4399; x_wconf 80' lang='lat'><strong>³⁹</strong></span> <span class='ocrx_word' id='word_1_390' title='bbox 208 4361 239 4414; x_wconf 84' lang='lat' dir='ltr'><strong>L.</strong></span> <span class='ocrx_word' id='word_1_391' title='bbox 254 4363 280 4411; x_wconf 67' lang='lat' dir='ltr'><em>V</em></span> <span class='ocrx_word' id='word_1_392' title='bbox 378 4365 567 4431; x_wconf 59' lang='lat' dir='ltr'><strong>Jsupaemr.</strong></span> <span class='ocrx_word' id='word_1_393' title='bbox 583 4365 652 4415; x_wconf 73' lang='lat' dir='ltr'><strong>Pam</strong></span> <span class='ocrx_word' id='word_1_394' title='bbox 716 4363 738 4398; x_wconf 72' lang='lat'><strong>⁴³</strong></span> <span class='ocrx_word' id='word_1_395' title='bbox 753 4363 882 4427; x_wconf 67' lang='lat' dir='ltr'><strong>luamus]</strong></span> <span class='ocrx_word' id='word_1_396' title='bbox 964 4357 1196 4428; x_wconf 60' lang='lat' dir='ltr'><strong>ambonem</strong></span> <span class='ocrx_word' id='word_1_397' title='bbox 1220 4393 1230 4409; x_wconf 82' lang='lat'><strong>.</strong></span> 
     </span>
     <span class='ocr_line' id='line_1_49' title="bbox 183 4579 755 4634; baseline -0.002 -5"><span class='ocrx_word' id='word_1_398' title='bbox 183 4579 262 4634; x_wconf 74' lang='lat' dir='ltr'><strong>VOL.</strong></span> <span class='ocrx_word' id='word_1_399' title='bbox 276 4581 301 4631; x_wconf 84' lang='lat'><strong>1.</strong></span> <span class='ocrx_word' id='word_1_400' title='bbox 733 4582 755 4628; x_wconf 79' lang='lat' dir='ltr'>P</span> 
     </span>
    </p>
   </div>
   <div class='ocr_carea' id='block_1_5' title="bbox 0 0 1592 5200">
    <p class='ocr_par' dir='ltr' id='par_1_17' title="bbox 0 0 1592 5200">
     <span class='ocr_line' id='line_1_50' title="bbox 0 0 1592 5200; baseline 0 0"><span class='ocrx_word' id='word_1_401' title='bbox 0 0 1592 5200; x_wconf 95' lang='lat' dir='ltr'><strong> </strong></span> 
     </span>
    </p>
   </div>
  </div>
 </body>
</html>
