3175 5200
492 373 629 464 usuc
659 374 877 436 cmxxxi
1137 384 1199 443 sss

122 541 125 548 ’
159 531 245 596 mille
266 531 474 614 repungor»
495 528 717 610 asumma:
742 530 792 612 qn
817 529 944 594 seems
964 530 1075 614 ruffin
1097 533 1351 598 senones

159 619 304 680 trecentis
319 619 435 680 decem.
450 615 550 699 preda
564 615 624 678 alie
637 617 736 678 omnis
750 616 898 678 militibus
912 638 1066 681 concesso.
1109 617 1199 686 Sam.
1211 609 1245 660 A·
1255 607 1284 660 0·
1294 609 1351 662 ²9⁵·

160 705 271 766 uitium
298 702 444 786 legiones,
466 721 558 783 quum
580 703 691 785 partim
714 701 930 785 Ap.Claudius
944 716 1064 786 prator,
1087 708 1200 788 partim
1235 771 1238 777 ,

160 787 199 852 L.
211 786 392 852 Volumnius
413 809 468 871 pro
491 788 614 852 comula
636 799 822 870 sequeretur,
843 790 876 850 in
903 809 1009 870 agrum
1040 787 1201 856 Stellatem

159 888 374 940 conuenerunt.
398 876 439 936 ibi
462 885 495 936 et
516 871 730 938 ¹'Samnitium
752 876 888 956 legiones
908 896 1015 938 omues
1028 877 1202 958 considunt,

161 974 197 1024 et
232 962 350 1046 Appius
375 959 613 1042 Volumniusque
650 973 750 1024 castra
779 959 979 1044 conjungunt.
1031 960 1204 1044 Pugnatum

161 1047 365 1110 infestissimis
379 1047 499 1126 animis,
522 1047 594 1110 binc
610 1047 655 1109 ira
669 1047 846 1110 stimulante
867 1047 1008 1111 adversus
1023 1049 1204 1112 rebellantes

161 1135 265 1213 toties,
289 1135 372 1196 illinc
396 1135 435 1196 ab
457 1134 566 1198 ultime
584 1131 650 1215 jam
673 1133 888 1196 dimicantibus
912 1155 976 1216 spe.
1021 1133 1107 1198 Casa
1129 1155 1204 1218 ergo

162 1216 346 1282 Samnitium
367 1220 522 1282 sexdecim
544 1220 640 1282 millia
661 1221 801 1298 trecenti,
823 1230 917 1304 capta
938 1220 1000 1282 duo
1022 1221 1119 1282 millia
1131 1241 1203 1304 sep·

159 1305 304 1387 tingenti.
320 1327 358 1368 ex
375 1306 516 1370 Romano
536 1306 670 1368 exercitu
685 1306 821 1370 cecidere
842 1306 904 1368 duo
917 1306 1014 1368 millia
1026 1308 1204 1390 septingen-

161 1391 199 1454 ti.
246 1391 329 1454 Felix
344 1413 441 1456 annus
462 1392 578 1454 bellicis
600 1393 699 1469 rebus,
718 1393 895 1474 pestilentia
906 1393 1016 1474 gravia
1039 1393 1202 1475 prodigiis·

162 1495 222 1557 que
237 1478 392 1540 sollicitus.
407 1499 490 1556 nam,
504 1489 538 1540 et
550 1489 660 1540 terrem
676 1479 873 1542 multifariam
888 1478 1010 1560 pluisse,
1028 1491 1061 1540 et
1070 1479 1102 1540 in
1113 1499 1203 1541 exer·

162 1563 227 1624 citu
248 1564 308 1646 Ap.
317 1563 436 1626 Claudii
459 1565 618 1646 plerosque
638 1564 812 1627 fulminibus
833 1565 921 1642 ictos,
944 1565 1120 1628 nunciatum
1132 1575 1202 1628 cst:

161 1649 291 1729 librique
315 1652 355 1712 ob
380 1652 443 1712 hac
465 1651 551 1712 aditi.
593 1649 641 1712 Eo
663 1671 744 1712 anno
766 1649 927 1720 Q.Fabius
940 1648 1070 1730 Gurges,
1091 1670 1203 1712 consu·

161 1733 199 1796 lis
214 1735 303 1812 filius,
326 1736 442 1817 aliquot
464 1747 618 1798 matronas
640 1737 679 1799 ad
701 1736 847 1816 populum
861 1736 959 1816 stupri
974 1735 1133 1796 damnatas
1148 1754 1202 1816 pe·

160 1821 251 1882 cunia
272 1821 421 1883 multavit.
447 1841 486 1882 cx
507 1840 567 1900 quo
590 1820 760 1882 multaticio
781 1840 840 1882 tere
855 1816 982 1880 Veneris
1002 1820 1111 1897 adem,
1136 1840 1204 1900 ques

158 1924 255 1986 prope
270 1906 385 1966 circum
399 1916 456 1981 est,
471 1904 644 1966 faciendam
659 1904 785 1968 curavit.
830 1903 999 1986 Supersunt
1012 1905 1106 1966 etiarn
1119 1921 1203 1966 nunc

159 1987 342 2052 Samnitium
366 1990 456 2065 bella,
479 2008 545 2069 quae
567 1988 711 2048 continua
732 2008 785 2068 per
811 2000 952 2066 quartum
972 1986 1039 2068 jam
1060 1989 1201 2052 volumen
1214 1988 1350 2076 Bellism-

160 2079 189 2114 ²⁰
200 2095 372 2154 annumque
400 2085 521 2136 sextum
550 2082 584 2134 et
604 2071 878 2152 quadragesimum,
902 2092 923 2132 a
946 2070 994 2132 M.
1007 2068 1142 2153 Valerio,
1162 2064 1356 2139 ΛΜΨ)

162 2159 305 2222 Cornelio
320 2159 503 2235 consulibus,
524 2157 575 2238 qui
589 2157 679 2240 primi
697 2153 824 2218 Samnio
838 2177 924 2218 arma
938 2157 1115 2238 intulerunt,
1136 2161 1202 2242 agi·
1213 2139 1353 2242 m‘t

161 2266 248 2308 mus:
272 2258 356 2308 etna
372 2256 420 2308 tot
442 2263 589 2306 annorum
611 2242 714 2306 clades
737 2243 894 2323 utriusque
913 2246 1013 2324 gentis
1026 2245 1204 2327 laboresque

162 2344 248 2394 actos
262 2351 341 2394 nunc
356 2331 494 2407 referam,
517 2329 625 2410 quibus
639 2328 829 2410 nequiverint
847 2341 952 2390 tamen
966 2330 1042 2392 dura
1065 2331 1117 2392 illa
1129 2353 1204 2414 pee-

161 2429 230 2480 tora
250 2418 348 2494 vinci;
373 2417 512 2500 proximo
534 2437 615 2478 anno
636 2415 788 2478 Samnites
809 2416 840 2478 in
863 2412 1015 2480 Sentinati
1037 2437 1122 2497 agro,
1148 2417 1204 2480 Pe·

161 2503 261 2585 lignis,
289 2504 328 2566 ad
341 2503 510 2580 Tifernum,
531 2499 706 2564 Stellatibus
729 2501 856 2583 campis,
878 2501 939 2562 suis
953 2502 1011 2584 ipsi
1024 2502 1204 2584 legionibus,

161 2590 251 2653 mixti
266 2591 382 2670 alienis,
405 2591 445 2653 ab
470 2602 598 2671 quatuor
622 2587 815 2666 exercitibus,
840 2597 967 2669 quatuor
990 2587 1117 2651 ducibus
1140 2581 1205 2653 Ro-

162 2678 260 2739 manis
286 2678 352 2739 cresi
384 2677 512 2753 fuerunt,
544 2676 584 2738 im
626 2686 757 2737 ratorem
785 2673 985 2736 clarissimum
1014 2676 1115 2757 gentis
1145 2696 1206 2739 sure

161 2764 325 2825 amiserant
333 2785 344 2840 ;
366 2764 464 2825 socios
480 2762 562 2839 belli,
596 2774 736 2837 ‹truscoq
758 2758 903 2837 Umbros,
918 2756 1034 2838 Gallos,
1049 2761 1081 2821 in
1096 2761 1205 2823 eadem

161 2848 282 2912 fortuna
305 2850 459 2927 videbant,
482 2868 544 2929 qua
564 2848 623 2929 ipsi
638 2857 744 2909 erant:
767 2866 826 2907 nec
839 2846 912 2923 suis,
937 2866 995 2907 nec
1010 2848 1143 2909 externis
1156 2849 1204 2909 vi·

157 2934 239 2996 ribus
250 2934 316 3014 jam
332 2947 413 2996 stare
427 2945 569 3015 poterant
578 2954 589 3008 ;
612 2944 715 2994 tamen
731 2930 812 2991 bello
827 2952 889 2993 non
904 2932 1105 2993 abstinebant.
1126 2934 1205 3020 adeo

158 3038 197 3079 ne
223 3018 384 3079 infeliciter
409 3018 530 3097 quidem
554 3015 683 3077 defensa
705 3016 856 3075 libertatis
879 3015 1033 3075 tedebat:
1058 3027 1091 3077 et
1111 3018 1203 3095 vinci,

161 3122 253 3184 quam
278 3122 339 3164 non
356 3114 484 3163 'tentare
509 3101 679 3179 victoriam,
706 3099 872 3161 malebant.
921 3098 1053 3171 Quinam
1079 3101 1120 3163 sit
1142 3102 1204 3181 ille,

197 3376 219 3412 ¹⁸
235 3375 494 3441 AEristmsntisdeoerr]
505 3378 601 3427 Artibus
612 3379 669 3429 310.
700 3394 746 3441 quo
764 3376 790 3425 L.
803 3378 935 3427 Postumius
952 3390 979 3429 et
995 3380 1032 3429 Μ.
1047 3381 1133 3433 Atilius
1149 3398 1206 3435 ests·

164 3444 205 3505 qul
222 3442 329 3490 estimari
400 3456 443 3492 unt
461 3444 551 3493 :bauer
573 3454 669 3508 quatuor
698 3444 874 3501 sulesfuerunt‚
889 3456 916 3493 ut
932 3457 995 3508 petet
1013 3448 1153 3510 essequod
1162 3464 1205 3499 ers·

163 3508 236 3557 unciis
246 3508 333 3569 argenti
362 3508 515 3557 arisiemibus.
699 3522 756 3559 uum
775 3525 822 3571 quo
843 3510 959 3559 Samnites
981 3512 1006 3557 iu
1025 3510 1199 3564 Sentinati...-

197 3572 217 3609 ¹⁹
232 3570 364 3619 Samnitium
390 3574 480 3635 legiones
505 3570 587 3649 unna]
614 3568 669 3617 Vox
699 3576 863 3689 sanguem,
882 3574 966 3635 idest,
986 3590 1039 3623 eum
1059 3592 1105 3640 quo
1124 3576 1206 3625 Panos
1243 3626 1251 3632 ,

164 3634 255 3700 Quart
274 3634 337 3685 abest
350 3653 363 3683 a
378 3637 441 3685 libris
453 3637 570 3686 Gronorio
581 3650 669 3701 insper-
700 3636 733 3687 V.
779 3640 842 3687 erius
863 3636 904 3687 tv.
932 3640 1077 3689 consulerem
1104 3656 1205 3703 emere,

162 3698 192 3749 tis
211 3712 236 3750 er
253 3701 374 3749 anostris.
405 3700 534 3767 Campanus
549 3702 611 3751 illem
627 3704 669 3749 bs·
700 3716 765 3753 roret
799 3702 866 3767 paulo
904 3702 964 3753 infra
994 3708 1124 3765 minan.
1155 3706 1207 3755 sire

162 3762 213 3824 bet,
232 3766 274 3815 sed
292 3765 378 3815 omittit
397 3782 475 3817 rnna.
518 3768 596 3833 Atque
619 3764 669 3815 haee
699 3771 803 3832 proxime
818 3768 987 3831 precedentem
995 3784 1089 3819 omn.
1120 3771 1205 3819 Aucus
1304 3785 1309 3794 ·

164 3829 334 3895 expeditissime
350 3830 420 3879 lertio
441 3832 539 3883 ridetur.
578 3830 669 3881 Temen
699 3847 776 3883 sutem
798 3848 843 3896 quc
864 3832 892 3881 1.
909 3832 1048 3892 Postumius,
1068 3836 1105 3883 Μ.
1120 3834 1207 3885 Aruas

180 3912 235 3945 uum
263 3912 323 3945 unus
343 3910 357 3945 e
379 3896 445 3947 codd.
473 3898 557 3947 nornis
583 3896 669 3947 babeat
699 3898 764 3949 Coae.
783 3898 858 3955 luere,
885 3910 921 3947 est
948 3899 1041 3961 quidstn
1062 3914 1092 3947 ex
1113 3898 1206 3949 salardo

235 3962 276 4019 'ii
302 3961 360 4011 elius
382 3960 413 4009 sd
433 3960 574 4021 &arabim
593 3962 667 4027 susp·
698 3980 767 4027 quern
785 3964 914 4027 seqrrimm,
930 3963 1041 4029 uptimus
1064 3975 1090 4013 et
1108 3966 1206 4027 quera.

164 4039 243 4073 remur
253 4028 278 4075 in
292 4024 330 4077 ills
345 4042 400 4075 rote
416 4024 487 4075 larem
505 4044 571 4092 posse
581 4044 667 4077 acmen
697 4030 797 4090 gerimus
813 4028 932 4077 Samnitiu
951 4029 1015 4088 belli,
1033 4026 1063 4077 ob
1080 4045 1153 4079 ursum
1167 4028 1206 4077 ui·

164 4088 260 4157 alicujus
279 4090 339 4141 lori:
360 4090 506 4156 Liriunrque⁸
520 4094 618 4153 dedisse,
637 4092 668 4141 ili
697 4096 782 4147 ωἱτιιω
792 4108 888 4152 maun,
904 4110 973 4157 quem
985 4093 1062 4141 ljsius
1079 4109 1127 4141 non
1142 4093 1206 4141 vids-

162 4156 226 4207 ed..
239 4190 262 4206 ..
289 4156 334 4207 loci
364 4172 450 4207 nomen
484 4158 589 4235 supplere
620 4173 666 4207 non
697 4171 736 4209 tur
757 4174 887 4223 squoeeers,
906 4162 1031 4223 adjectum
1048 4158 1077 4205 de
1094 4174 1141 4221 qoo
1158 4157 1205 4209 rid.

162 4234 281 4283 possum
321 4222 449 4273 mruidrsnt:
474 4224 551 4273 retius
579 4222 667 4273 duabus
697 4229 794 4275 ωηο.
811 4225 840 4273 sd
856 4226 968 4275 vm.1t.
999 4222 1047 4271 Sed
1061 4223 1148 4286 litias,
1163 4226 1205 4287 qui

162 4284 283 4335 voelbusle
301 4290 307 4300 ‘
362 4288 594 4352 memorata
605 4304 665 4353 prrs-
697 4294 749 4355 ejus
767 4291 883 4339 rationem
899 4304 946 4337 non
959 4287 1050 4347 babuit,
1066 4288 1147 4337 debuit
1161 4304 1204 4337 sc·

157 4351 267 4399 tennerit
301 4354 410 4402 incrinus
419 4353 487 4403 liber.
696 4355 896 4419 nandoquobie
911 4354 1007 4416 egimus,
1020 4368 1141 4405 sumente
1150 4364 1205 4405 sta·

191 4412 215 4447 ⁹⁰
230 4415 290 4463 dnm
333 4434 360 4465 us
380 4426 462 4468 uelum
477 4429 499 4469 et
523 4420 664 4485 quadragesi·
695 4421 1000 4487 tenetquetrreesiuua.

157 4477 231 4544 mser]
261 4433 373 4544 imisit
394 4484 471 4537 livius
491 4499 577 4537 senum
599 4500 663 4553 eum,

272 4650 279 4681 l
