3175 5200
512 271 514 291 '
560 288 686 353 man.
708 291 791 355 CAP.
800 292 908 355 XLVI.
1193 306 1247 363 1³3

204 438 271 503 lant
278 461 288 520 3
312 439 366 503 scd
391 442 503 525 passim
535 463 643 507 omnes
675 448 858 511 clamoribus
887 461 990 531 agunt
1049 449 1175 516 Matura
1200 466 1247 515 res
1261 480 1403 533 mm,

203 538 269 587 erat
277 549 287 605 ;
311 529 545 611 tergiversantur
556 540 669 593 nmen.
714 530 827 594 Fabius
844 535 954 597 deiude
968 539 988 614 l,
1004 537 1044 598 ad
1059 551 1247 601 crescentem
1261 549 1293 601 Α.
1303 546 1333 597 c.
1346 546 1403 597 ⁴78.

203 614 365 677 tumultum
383 614 450 697 jam
477 626 592 678 metum
618 617 774 679 seditionis
799 620 916 701 collega
931 623 1128 701 concedente,
1154 645 1246 707 quma

202 698 354 763 silentium
366 701 492 763 classico
507 700 647 779 iecisset3
672 700 760 783 ‘Ego
775 704 862 782 istos,
874 702 932 767 Cn.
952 705 1063 786 Manli,
1077 731 1164 791 posse
1179 712 1246 772 vin-

144 820 148 829 ·
202 784 296 847 ‘cere
310 787 393 869 sci03
420 786 497 849 velle
519 808 557 849 ne
580 788 699 865 scirem,
727 790 784 871 ipsi
810 790 956 855 fecerunt.
1001 791 1107 875 Itaque
1131 809 1246 858 certum

201 870 211 901 ‘
225 882 317 953 atque
332 872 484 935 decretum
499 883 557 952 est,
571 893 634 935 non
649 874 721 958 dare
730 884 745 913 ¹¹
756 874 888 956 signum,
902 878 961 939 nisi
975 879 1104 941 victores
1118 903 1151 941 se
1166 882 1246 943 redi·

125 986 129 997 ·
200 956 308 1019 ‘turos
329 979 367 1019 ex
389 960 448 1021 hac
464 980 566 1042 pugna
575 958 705 1041 jurant¹.
738 958 902 1023 Consulem
913 962 1086 1026 Romanum
1099 966 1184 1027 miles
1198 989 1247 1028 se·

202 1040 286 1105 ‘mel
299 1044 329 1104 in
345 1045 411 1106 acie
425 1042 553 1124 fefellit3
584 1044 666 1107 Deos
688 1066 855 1127 numquam
876 1047 981 1111 fallet!
1015 1048 1160 1113 Centurio
1182 1064 1248 1114 erat

201 1124 248 1189 M.
262 1128 441 1208 Flauoleius,
457 1130 536 1194 inter
550 1133 695 1213 primores
714 1153 823 1215 pugnae
838 1132 1002 1215 flagitator.
1032 1132 1185 1215 ‘Victor,'
1201 1138 1248 1199 in-

201 1214 278 1363 qiuit,
294 1216 305 1247 ‘
319 1213 367 1277 M.
379 1215 465 1294 Fabi,
478 1228 610 1279 revertar
624 1239 662 1279 ex
678 1216 763 1279 acie!
791 1216 824 1279 Si
846 1219 964 1298 saltata,
987 1218 1096 1283 lovem
1118 1233 1249 1303 patrem,

231 1300 426 1384 radivumque
452 1300 597 1380 Martem,
613 1304 745 1385 aliosque
760 1304 855 1366 iratos
869 1305 1021 1368 invocaty
1038 1304 1132 1369 Deos.
1164 1304 1249 1370 ldcm

203 1386 346 1470 deinceps
370 1388 468 1451 omnis
483 1390 632 1467 exercitus
654 1389 684 1451 in
706 1410 738 1450 se
762 1391 887 1472 quisque
907 1389 1003 1472 jurat.
1028 1390 1143 1453 Juratis
1158 1392 1249 1463 datur

203 1472 336 1553 signum,
360 1495 446 1536 arma
469 1476 593 1557 capiunt
601 1497 611 1551 3
649 1488 722 1539 eunt
751 1476 782 1537 in
813 1498 957 1560 pugnam,
987 1477 1099 1538 irarum
1125 1478 1249 1559 speique

200 1558 293 1641 pleni.
323 1558 413 1623 Nunc
422 1559 533 1642 jubent
546 1560 690 1647 Etruscos
711 1562 823 1645 probra
832 1562 946 1644 jacere,
955 1583 1035 1624 nunc
1052 1563 1176 1624 armatis
1191 1562 1248 1624 sibi

202 1644 327 1727 quisque
349 1646 452 1727 lingua
465 1663 619 1729 promtum
647 1648 767 1710 hostem
794 1648 916 1711 obferri.
944 1648 1088 1711 Omnium
1115 1648 1167 1718 illo
1189 1648 1249 1725 die,

202 1751 262 1811 qua
290 1732 396 1813 plebis,
421 1754 481 1815 qua
510 1732 644 1812 Petrum,
670 1734 783 1797 eximia
809 1734 903 1795 virtus
925 1734 993 1796 fuit.
1037 1733 1165 1795 Fabium
1191 1756 1248 1795 no-

202 1836 283 1893 men,
303 1816 398 1879 Fabia
415 1840 490 1901 gens
520 1819 652 1883 maxime
681 1820 801 1882 enituit.
828 1820 931 1883 multis
946 1819 1082 1881 civilibus
1105 1820 1248 1881 certami-

201 1903 289 1963 nibus
319 1904 451 1967 infensos
473 1905 570 1989 plebis
597 1906 714 1967 animos
744 1905 798 1966 illa
833 1926 936 1986 pugna
965 1905 1021 1967 sibi
1054 1903 1248 1967 reconciliare

202 1999 351 2053 statuunt.
374 1988 536 2053 Instruitnr
560 1992 666 2053 acies:
707 2011 763 2053 nec
792 1987 904 2079 Veiens
930 1990 1026 2052 hostis
1055 1987 1248 2071 Etruscaeque

200 2072 334 2154 legiones
355 2076 536 2138 detrectant.

242 2156 354 2221 XLVI.
377 2160 473 2244 Prope
499 2173 673 2246 certaspes
702 2172 778 2239 erat,
808 2166 869 2221 rlon
896 2160 994 2241 magis
1009 2180 1111 2221 secum
1128 2180 1245 2241 pugrrar

202 2257 295 2323 turos,
314 2266 406 2326 quam
421 2246 622 2328 pugnaverint
636 2268 706 2308 cum
726 2244 846 2327 AEquis.
861 2243 958 2327 majus
974 2266 1092 2327 quoque
1113 2244 1247 2325 aliquod,

202 2330 233 2391 in
248 2342 312 2393 tam
336 2332 460 2395 irritatis
486 2330 594 2393 animis
614 2344 646 2393 et
660 2334 686 2371 ⁶³
703 2333 864 2393 occasione
879 2330 1015 2415 ancipiti,
1040 2330 1122 2392 haud
1137 2329 1245 2411 despe-

202 2418 330 2479 randum
345 2439 410 2479 esse
425 2417 551 2480 facinus.
596 2414 656 2479 Res
672 2418 760 2479 aliter
775 2418 866 2499 longe
881 2416 992 2479 evenit.
1012 2437 1084 2478 nam
1106 2436 1169 2478 non
1185 2414 1246 2479 alio

201 2515 273 2565 aute
302 2503 381 2565 bello
404 2504 539 2565 infestior
563 2502 718 2565 Romanus
744 2500 834 2581 (adeo
861 2503 933 2580 binc
957 2502 1149 2564 contumeliis
1173 2502 1244 2563 bos·
1284 2523 1288 2529 ·

201 2599 257 2668 tes,
272 2590 342 2652 hinc
359 2590 496 2653 consules
512 2611 597 2653 mora
621 2588 887 2670 exacerbaverant)
904 2588 1044 2674 proelium
1060 2588 1138 2651 iniit.
1183 2584 1245 2650 Vix

199 2676 370 2760 explicandi
392 2677 538 2738 “ordinis
560 2678 692 2760 spatium
717 2675 854 2740 Etnrscis
872 2675 939 2754 fuit,
954 2696 1059 2759 quum,
1078 2673 1180 2757 “pilis
1195 2673 1365 2746 inupmuum

200 2773 246 2824 ter
270 2763 398 2846 primam
428 2763 662 2846 trepidationem
689 2762 817 2845 abjectis
855 2773 968 2824 temere
1004 2760 1114 2843 magis,
1151 2759 1418 2842 quamcomm'rttitui

200 2847 326 2928 emissis,
347 2848 527 2932 pugnajam
549 2849 580 2910 in
597 2869 716 2928 manus,
736 2847 802 2930 jam
817 2848 857 2910 ad
878 2848 1007 2929 gladios,
1028 2847 1080 2909 nbi
1097 2844 1182 2907 Mars
1197 2859 1245 2909 est

200 2935 419 3014 atrocissimus,¹
430 2946 563 2996 venerat.
600 2933 683 2998 luter
693 2935 839 3016 primores
864 2932 1099 3015 genusFabium
1128 2931 1245 3013 insigne

201 3021 375 3100 spectaculo
404 3021 606 3102 exemploque
639 3021 753 3082 civibus
782 3033 859 3082 erat.
893 3040 931 3080 ex
972 3019 1019 3078 his
1050 3016 1089 3087 Q.
1105 3015 1244 3094 Fabium,

205 3105 309 3181 (tertio
337 3105 387 3166 hic
414 3125 494 3166 anno
527 3118 599 3168 mite
632 3105 736 3166 consul
764 3104 873 3185 fuerat)
913 3102 1081 3185 principem
1112 3101 1143 3161 in
1171 3121 1245 3161 con·

202 3188 295 3251 iertos
310 3186 454 3250 Veientes
469 3201 603 3265 euntem,
614 3189 701 3250 ferox
716 3189 860 3250 viribuset
875 3207 1027 3248 armorum
1042 3197 1106 3246 arte
1116 3183 1245 3262 Tuscus,

202 3274 359 3336 incautum
384 3275 463 3335 iuter
491 3272 602 3334 multas
631 3283 803 3334 versantem
840 3271 972 3333 hostium
999 3289 1118 3346 manus,
1142 3268 1246 3350 gladio

201 3381 255 3442 per
271 3372 376 3442 pectus
402 3357 564 3439 transfigit.
585 3357 648 3421 telo
662 3369 812 3435 extracto,
835 3377 967 3440 praeceps
983 3353 1092 3417 Fabius
1108 3354 1246 3415 invulnus

202 3446 306 3508 abiit¹.
345 3441 447 3506 Sensit
468 3457 596 3526 utraque
622 3443 702 3506 acies
727 3443 815 3504 unius
838 3443 894 3504 viri
918 3462 1032 3519 casnm,
1059 3440 1246 3521 cedebatque

199 3531 271 3594 inde
295 3529 469 3594 Romanus:
492 3539 608 3611 quum⁸
629 3527 676 3590 Μ.
692 3527 803 3590 Fabius
817 3527 921 3589 consul
942 3527 1094 3590 transiluit
1113 3524 1245 3607 jacentis

201 3628 338 3701 corpus⁸,
378 3615 557 3699 objectaque
602 3634 720 3697 parma,
751 3611 847 3674 ‘Hoc
863 3610 1009 3694 jurastis,'
1040 3613 1148 3691 inquit,
1164 3613 1245 3672 ‘mi-

201 3703 294 3766 ‘lites
321 3703 474 3786 fugientes
501 3723 554 3764 vos
577 3701 609 3762 in
636 3710 736 3762 castra
751 3698 917 3761 redituros?
945 3699 1023 3760 adeo
1037 3697 1246 3778 ignavissimos

227 3836 400 3900 ‘tergirarrnlnr
411 3844 486 3884 lamen
497 3832 586 3883 Fabiae.
604 3832 692 3883 Deinde
711 3832 766 3882 MS.
777 3810 857 3882 Veith.
923 3829 1075 3878 'danGron
1140 3835 1154 3860 ¹
1165 3830 1247 3888 jonar

205 3901 278 3949 Gran.
293 3901 363 3950 Creu.
380 3900 436 3948 MS.
447 3899 528 3948 Veitb.
595 3898 641 3946 sn·
670 3899 877 3946 alian...r'nuooo
889 3895 943 3944 MS.
955 3894 1034 3942 Veidr.
1100 3891 1172 3938 *chin
1190 3890 1245 3938 MS.

202 3965 283 4014 vena.
348 3972 360 3998 ¹
371 3973 418 4012 tum
427 3967 523 4012 omnium
533 3965 582 4012 vinc
592 3957 628 4011 M.
661 3996 667 4010 .
678 3979 698 4010 c.
708 3963 813 4010 manna
822 3961 997 4023 eorpusjaoeatir
1012 3954 1156 4006 aneith.

234 4069 257 4105 ⁶³
274 4072 390 4120 Oct-asima
413 4069 515 4133 ortdpiti]
537 4069 599 4117 'Ubi
617 4069 709 4118 victoria
738 4071 741 4076 '
771 4065 795 4100 ⁶⁴
811 4065 912 4126 Ordinis]
946 4062 1031 4111 Manet
1059 4059 1195 4118 Gronovius,
1221 4073 1247 4110 et

202 4136 290 4184 incerta
311 4137 388 4184 lutura
409 4147 463 4183 erar.
505 4133 603 4182 Romani
622 4145 709 4182 certam
740 4131 826 4180 merito
837 4129 1051 4192 quidemmrdr'rrar.

203 4199 616 4276 exAEquisvittor'pmdeaeruerant.
645 4197 708 4250 Quid
772 4193 887 4241 ⁶⁵·Pttu
899 4190 1076 4252 interprisum]
1097 4189 1162 4237 luter
1181 4188 1247 4236 tarta

203 4265 243 4313 fiet
260 4264 336 4328 igitur,
353 4265 486 4328 inquiebant
502 4263 623 4320 Veientes,
631 4263 674 4311 hec
685 4263 709 4310 in
728 4267 832 4325 'pagara
841 4258 896 4304 dum
907 4255 1137 4329 aciesexproperqed
1148 4267 1246 4330 pugnum

203 4331 328 4441 appione,
336 4330 374 4380 ubi
386 4342 502 4382 certamen
513 4344 596 4394 anceps
605 4329 708 4378 neuram
740 4319 1246 4450 ffifwnffmrkmrenffignffdffl

202 4407 215 4441 e
244 4427 250 4440 ι
971 4434 974 4442 ¹
1013 4439 1017 4444 .
