3175 5200
557 422 873 488 mmmm
1169 408 1225 491 m

185 574 312 665 AEquos,
326 580 441 665 legatos
456 580 487 644 in
512 578 673 647 concilium
692 582 793 669 gentis
817 583 925 647 missos
947 554 1089 647 nunciare
1105 580 1218 667 ju'ssit3
1239 602 1272 653 u.
1284 584 1313 655 C.
1324 605 1381 657 nas.

187 670 197 702 ‘
212 669 252 740 Q.
268 668 393 733 Fabium
406 668 560 733 consulem
574 668 684 751 dicere,
696 692 728 734 se
740 691 779 735 ex
790 670 899 755 AEquis
915 691 1022 755 pacem
1033 670 1162 733 Romam
1177 683 1225 733 tn*
1239 668 1270 719 A»
1282 670 1311 719 0·
1322 673 1378 723 ⁴⁶³·

187 754 197 789 ‘
212 754 291 834 lisse',
301 756 339 818 ab
350 752 449 819 Roma
458 754 566 840 AEqu'is
580 757 693 821 bellum
707 755 836 837 adferre,
852 758 957 820 eadent
975 758 1082 821 dextra
1097 758 1226 838 armata,
1240 768 1363 835 &usum

187 844 197 876 ‘
211 858 302 925 quam
313 842 454 927 pacatam
469 842 527 907 illis
541 844 631 907 antea
646 844 782 908 dederat.
792 852 920 929 quorum
935 843 967 906 id
981 845 1107 928 pertidia
1118 846 1227 929 etper·
1239 837 1334 887 “flm-

187 930 197 963 ‘
209 928 289 1012 jurio
300 931 364 1010 list,
374 930 456 993 Deos
467 950 547 995 nunc
558 938 651 995 testes
661 944 737 1013 esse,
748 950 821 996 mox
833 930 897 995 fure
909 932 1035 995 ultores.
1058 927 1098 992 se
1114 935 1229 1011 tamen,

187 1014 198 1049 ⁴
212 1026 375 1101 utcumque
382 1018 431 1097 sit,
443 1018 536 1085 etiam
548 1037 639 1100 nunc,
651 1022 798 1104 poenitere
812 1040 867 1083 sua
881 1030 990 1105 sponte
1000 1015 1128 1100 AEqnos,
1138 1038 1229 1101 qnam

190 1102 281 1187 ‘pati
298 1104 431 1185 hostilia,
450 1108 551 1169 malle.
574 1102 607 1168 Si
622 1106 780 1191 poeniteat,
806 1118 906 1170 tutum
927 1116 1082 1189 receptum
1106 1105 1144 1166 ad
1172 1122 1229 1167 ex·

186 1188 197 1222 ‘
217 1202 335 1273 pectam
351 1190 544 1256 clementiam
559 1194 645 1256 fore:
668 1195 714 1256 sin
729 1194 860 1281 perjurio
896 1194 1039 1271 audeant,
1049 1188 1116 1254 Diis
1133 1191 1230 1339 magis

186 1276 197 1310 ‘
212 1277 308 1357 iratis,
321 1298 411 1361 quam
421 1276 568 1359 hostibus,
578 1290 716 1363 gesturos
728 1279 862 1347 bellum.²
916 1298 958 1341 aec
974 1279 1058 1340 dicu
1067 1278 1145 1340 adeo
1154 1280 1186 1339 ni
1209 1278 1230 1339 il

186 1368 345 1427 moverunt
366 1378 558 1449 quemquam,
581 1381 616 1430 ut
637 1366 729 1451 legati
745 1383 839 1452 prope
853 1366 958 1429 violati
974 1364 1046 1442 sint,
1063 1365 1231 1427 exercitus·
1320 1378 1330 1390 ·

185 1470 243 1533 que
259 1452 290 1513 in
301 1451 445 1535 Algidum
461 1454 601 1516 adversus
612 1454 771 1517 ¹Romanos
793 1456 911 1517 missus.
934 1452 1009 1523 Qua
1023 1452 1074 1513 ubi
1098 1444 1231 1513 Romam

186 1548 256 1600 sunt
278 1541 432 1619 nunciata,
447 1540 612 1623 indignitas
638 1543 691 1618 rei,
721 1542 818 1625 magis
842 1556 934 1624 quarn
962 1536 1140 1623 periculum,
1156 1557 1231 1599 con-

186 1626 280 1686 sulem
295 1626 423 1689 alterum
452 1628 491 1689 ab
507 1630 579 1690 urbe
598 1629 720 1692 excivit.
742 1630 787 1692 ita
802 1628 863 1691 duo
887 1624 1059 1690 consulates
1081 1625 1231 1687 exercitus

186 1710 226 1772 ad
241 1712 361 1775 hostem
377 1727 529 1777 accessere
544 1715 610 1777 acie
625 1716 783 1795 instructa,
807 1729 842 1778 ut
863 1712 1023 1777 confestim
1039 1711 1231 1773 dimicarent.

186 1796 247 1859 Sed
269 1807 361 1880 quum
388 1798 466 1863 forte
495 1802 575 1864 baud
591 1804 720 1866 multum
736 1803 795 1865 diei
812 1810 989 1888 superesset,
1010 1818 1087 1860 unus
1109 1795 1147 1860 ab
1163 1808 1231 1860 stu*

185 1886 270 1947 tione
287 1884 419 1950 bostium
435 1888 607 1952 exclamat:
631 1890 813 1953 ‘Ostentare
838 1891 896 1951 hoe
919 1898 976 1966 est,
1001 1884 1145 1964 Romani,
1168 1898 1231 1946 non

190 1972 199 2005 ‘
215 1992 318 2053 gerere
331 1974 457 2037 bellum.
482 1977 512 2038 in
527 1988 649 2039 noctem
660 1978 858 2041 inminentem
875 1976 972 2037 aciem
982 1972 1139 2035 instruitis.
1164 1972 1231 2032 lon·

187 2056 198 2092 ‘
212 2059 295 2141 giore
311 2061 377 2123 luce
392 2057 476 2124 adid
488 2074 652 2143 certamen,
668 2066 748 2146 quod
759 2067 863 2143 instat,
875 2062 963 2124 nobis
976 2080 1050 2143 opus
1062 2069 1119 2121 est.
1140 2054 1231 2119 Cras·

185 2146 276 2207 ‘tino
292 2148 341 2210 die
351 2149 466 2211 oriente
478 2150 542 2211 solo
552 2152 648 2213 redite
664 2153 694 2213 in
705 2153 820 2215 aciem:
840 2152 897 2213 erit
909 2148 998 2233 copia
1009 2142 1178 2229 pugnandi,
1194 2164 1232 2205 nc

186 2233 196 2265 ‘
212 2232 350 2307 timete),
362 2235 420 2298 His
429 2238 552 2299 vocibus
562 2238 699 2321 irritatus
710 2240 797 2301 miles
806 2240 837 2301 in
850 2238 931 2299 diem
946 2239 1102 2321 posterum
1116 2231 1147 2291 in
1164 2248 1231 2291 cas-

186 2320 234 2382 tra
249 2319 412 2401 reducitur,
425 2328 437 2362 ⁵
451 2322 573 2407 longam
589 2326 689 2387 venire
704 2338 830 2388 noctem
845 2332 938 2401 naurs,
950 2339 1016 2403 quae
1031 2327 1149 2380 moram
1165 2336 1232 2378 cer-

185 2406 293 2469 tamini
309 2406 432 2471 faceret.
454 2408 534 2473 Tum
550 2410 672 2493 quidem
693 2433 823 2495 corpora
844 2404 913 2475 cibo
928 2424 1096 2486 somnoque
1112 2406 1232 2465 curent.

184 2494 237 2555 ubi
261 2492 371 2557 inluxit
399 2504 522 2581 postero
553 2496 612 2577 die,
643 2500 725 2581 prior
754 2497 912 2580 aliquanto
935 2491 1076 2556 constitit
1091 2489 1233 2551 Romans

186 2581 281 2660 aciem
306 2579 432 2646 tandem
448 2594 480 2647 et
493 2580 586 2668 AEqui
616 2605 802 2668 processores
844 2582 985 2646 Proelium
1000 2574 1058 2640 luit
1079 2576 1231 2659 utrimque

184 2668 362 2749 vehemens3
386 2673 468 2753 quod
496 2683 527 2734 et
563 2671 719 2734 Romanus
757 2673 802 2734 ira
832 2672 963 2751 odioque
994 2665 1164 2750 pugnabat,
1198 2675 1231 2762 et

183 2751 301 2838 AEquos
328 2758 516 2828 conscientia
542 2760 691 2822 contracti
713 2758 805 2843 eulpa
832 2752 972 2840 pariendi,
995 2761 1027 2812 et
1057 2749 1230 2832 desperatio

183 2837 288 2906 firturae
315 2843 371 2906 sibi
394 2857 503 2928 postea
526 2843 607 2926 fidei,
630 2845 738 2908 ultima
754 2845 866 2907 audere
881 2855 913 2906 et
933 2837 1063 2922 experiri
1088 2837 1232 2918 cogebat.

147 2939 151 2944 ’
185 2926 257 2991 Non
281 2941 385 2993 tamen
410 2933 578 2995 sustinuere
611 2933 707 2996 aciem
739 2931 913 2996 Romanum
941 2924 1057 3007 AEqui:
1092 2923 1231 3005 pulsique

104 3077 107 3088 ,
186 3036 278 3098 quum
299 3017 329 3078 in
350 3015 425 3080 fines
445 3041 515 3082 suos
537 3040 570 3080 se
586 3019 780 3102 recepissent,
802 3017 899 3080 nihilo
920 3008 1160 3077 inclinatioribus
1190 3008 1231 3070 ad
1280 3024 1285 3032 ·

185 3121 293 3184 pacem
323 3104 432 3166 animis
464 3106 550 3166 ferox
581 3105 747 3166 multitudo
769 3105 925 3188 increpare
946 3103 1050 3173 duces,
1080 3095 1162 3192 quod
1198 3095 1230 3154 ln

185 3188 292 3264 aciem,
313 3206 373 3270 qua
388 3189 545 3273 pugnandi
568 3199 630 3253 arte
645 3189 800 3254 Romanus
824 3187 964 3265 excellat,
994 3199 1160 3246 commissa
1182 3197 1229 3239 res

184 3273 234 3334 sit.
278 3269 395 3356 AEquos
411 3275 657 3358 populationibus
676 3269 955 3355 incursionibusque
985 3265 1126 3334 meliores
1141 3285 1207 3326 em
1217 3289 1227 3343 3

185 3371 217 3422 et
233 3360 343 3422 multas
359 3363 470 3443 possim
487 3380 605 3440 manus,
620 3379 711 3444 quam
727 3377 872 3446 magnum
887 3359 1000 3422 molem
1030 3352 1120 3413 ussitss
1140 3369 1231 3413 ²¹0¹·

185 3447 273 3524 citus,
290 3447 399 3510 rectius
411 3447 491 3510 bella
505 3469 619 3532 gerere.

227 3531 284 3596 lll.
307 3531 428 3598 Relicto
452 3535 555 3618 itaque
585 3531 691 3600 castris
720 3530 871 3619 prasidio,
901 3531 1012 3617 egressi
1042 3547 1132 3600 tanto
1157 3559 1228 3600 cum

184 3623 316 3684 tumultu
332 3622 467 3685 invasere
482 3623 557 3685 fines
576 3621 743 3701 Romanos,
766 3631 802 3684 ut
823 3623 863 3685 sd
889 3624 993 3684 urbem
1020 3643 1141 3708 quoque
1153 3636 1227 3705 Vter·
1293 3639 1297 3646 '

183 3721 282 3770 rorem
307 3711 495 3790 pertulerint.
517 3710 704 3794 necopinata
728 3709 821 3772 etlam
847 3729 894 3771 res
922 3709 990 3793 plus
1014 3711 1228 3795 trepidationis

182 3792 265 3874 fecit,
288 3797 373 3878 quod
402 3797 477 3862 nihil
494 3798 603 3876 minus,
619 3819 709 3880 quam
724 3817 764 3860 ne
786 3798 885 3861 victis
898 3817 934 3857 sc
956 3815 1052 3881 prope
1067 3801 1100 3860 in
1119 3798 1228 3859 castris

183 3884 322 3946 obsessus
347 3885 444 3947 hostis
476 3905 592 3948 memor
614 3885 821 3968 populationis
845 3895 936 3962 esset,
958 3883 1059 3945 timeri
1082 3892 1226 3968 poterat3

183 3979 388 4054 agrestesque,
404 3973 504 4055 pavidi
520 3971 690 4036 incidentes
713 3973 821 4057 portis,
836 3990 897 4034 nou
912 3969 1156 4054 populationem,
1170 3989 1229 4030 nec

180 4055 356 4138 praedonum
371 4080 478 4143 parvas
500 4079 616 4138 manus,
639 4057 703 4139 sed,
725 4060 831 4124 omnis
844 4079 924 4121 vano
944 4070 1092 4140 augentes
1107 4058 1228 4133 umore,

180 4146 332 4208 exercitus
347 4159 379 4209 et
395 4146 529 4229 legiones
545 4147 650 4210 adesse
666 4147 814 4226 hostium,
835 4157 868 4208 et
888 4144 999 4231 infesto
1020 4143 1143 4228 agmine
1158 4161 1226 4205 rue-

180 4241 211 4290 re
226 4231 266 4292 ad
289 4234 406 4314 urbem,
424 4235 607 4298 clamabant.
636 4233 686 4297 Ab
713 4235 759 4296 his
784 4233 917 4318 proximi
932 4233 945 4272 ⁸
958 4230 1064 4296 audita
1096 4231 1226 4310 incerta,

191 4423 193 4426 .
211 4371 248 4404 Η
259 4371 357 4442 longam
366 4381 526 4429 minuentes
535 4380 608 4446 carru]
620 4377 686 4428 Adeo
749 4375 761 4412 ⁶
777 4378 862 4426 Audito
877 4351 970 4438 bema,
986 4392 1052 4440 eoquo
1066 4375 1168 4441 miore]
1184 4363 1226 4424 ln·

179 4435 687 4510 niduspngnmutnoerem,quscadsentsret,
717 4441 789 4502 ce'rts,
803 4443 856 4508 quia
872 4440 991 4495 audierant
1008 4454 1107 4499 timum,
1121 4457 1169 4490 Μ
1189 4441 1226 4489 ’ῖ-

177 4501 436 4630 ffiaeitbifiqqqerqpt,
447 4513 500 4575 qula
510 4525 597 4562 moram
612 4519 685 4562 cens·
716 4510 816 4574 dsunt,
831 4509 1065 4584 adeoquemdsei's
1074 4506 1193 4582 eunius
