3175 5200
499 378 860 445 numerumn.
1140 336 1201 445 sss

150 546 241 625 otqu'e
256 543 289 605 iri
310 552 402 625 cepta
414 540 489 603 urbe
503 540 604 623 prima
627 538 677 603 die
704 550 757 603 eut
781 538 896 622 possim
919 548 973 601 aut
995 537 1058 601 late
1071 552 1200 622 vegetus
1213 542 1354 595 ueste.
1371 549 1379 558 ·

150 643 197 695 est
211 630 300 713 ignis.
345 627 489 707 Romani,
503 649 544 691 ex
557 647 628 692 erce
644 626 769 709 plenam
791 624 927 688 hostium
946 624 1052 689 urbem
1070 646 1199 691 cernen-
1211 612 1352 663 ww·

152 730 209 796 tes,
224 734 375 801 vagosque
401 734 456 797 per
478 716 543 777 vies
566 734 675 777 omnes
699 734 813 775 cursus.
836 730 930 794 quum
954 713 1015 776 alia
1033 726 1126 796 atque
1140 716 1202 777 alia

152 814 239 889 perte
269 826 348 867 nova
376 803 479 886 eliqua
507 800 611 863 clades
633 801 772 879 oriretur,
798 802 900 861 ”non
922 800 1077 863 mentibus
1101 802 1200 864 solum

152 892 336 975 consipere‘,
361 889 415 953 sed
440 911 480 952 ne
505 889 627 951 auribus
650 887 773 968 quidem
795 898 889 969 atque
910 886 1007 948 oculis
1029 886 1104 949 satis
1125 909 1200 950 con·
1247 961 1249 964 ¹

153 991 233 1041 stare
268 987 420 1061 poterant
469 974 670 1056 Quocumque
708 974 825 1037 clamor
861 972 1008 1051 bostium,
1042 974 1211 1037 mulienmr'

154 1084 375 1149 puerorumque
391 1065 539 1147 ploratus,
565 1063 684 1125 sonitus
704 1059 845 1139 flammae,
874 1072 909 1124 et
926 1061 1029 1143 fragor
1047 1062 1201 1123 ruentium

153 1164 306 1215 tectorum
322 1152 545 1229 usvenissets,
561 1159 707 1233 parentes
722 1149 764 1210 ed
777 1148 894 1227 omnia,
909 1148 1030 1210 animm
1044 1166 1157 1229 oraque
1171 1159 1205 1211 et

153 1238 259 1301 oculos
274 1236 450 1317 flectebant,
468 1237 552 1300 velut
569 1236 609 1299 ud
623 1236 832 1319 spectaculum
856 1256 876 1297 a
896 1236 1021 1298 fortuna
1040 1234 1135 1316 positi
1149 1256 1205 1298 oe-

154 1326 285 1390 cidentis
314 1326 431 1408 patriae,
460 1344 518 1387 nec
547 1324 638 1385 ullius
665 1343 764 1385 rerum
789 1342 911 1385 suarum
940 1322 1052 1400 relicti,
1078 1336 1204 1405 praeter·

154 1433 247 1495 qunm
261 1430 435 1495 corporum,
449 1410 596 1473 vindices.
611 1420 700 1473 tento
720 1420 792 1472 ante
816 1408 895 1471 elios
912 1408 1079 1472 obserandi
1096 1410 1205 1491 magis,

154 1500 206 1580 qui
226 1519 370 1581 umquem
389 1499 503 1561 obsessi
527 1504 609 1576 sunt,
631 1497 715 1579 quod
736 1497 894 1559 interclusi
916 1496 1057 1579 apatric
1073 1496 1205 1559 'obside-

154 1587 277 1665 bantur,
303 1586 409 1649 omnia
435 1606 490 1647 sua
515 1595 676 1648 cernentes
703 1585 735 1647 in
765 1584 901 1647 bostium
929 1593 1093 1665 potestate.
1136 1580 1205 1645 Nec

154 1673 347 1754 tranquillior
361 1692 425 1735 nox
439 1671 522 1735 diem
537 1682 602 1734 trun
617 1670 700 1734 ioede
714 1672 818 1733 ncbrm
827 1670 972 1752 excepit:
995 1670 1080 1732 ulun
1091 1669 1204 1733 deinde

155 1770 278 1822 noctem
294 1760 464 1841 inquieteru
478 1759 618 1822 insecuta
632 1770 689 1821 est.
707 1778 767 1821 nec
781 1757 877 1820 ullum
892 1768 959 1820 erat
971 1768 1105 1840 tempus,
1121 1756 1205 1840 quod

153 1866 174 1907 a
195 1866 280 1908 novae
303 1866 424 1929 semper
453 1845 550 1907 cladis
575 1844 704 1928 alicujus
727 1845 905 1929 spectant&
930 1855 1074 1908 comeret.
1116 1842 1204 1906 Nibil

154 1943 270 2013 tamem
285 1944 334 1995 tot
348 1933 467 1997 onerati
482 1944 574 2015 atque
588 1934 689 1995 obruti
701 1932 802 2011 melis,
813 1931 965 1995 flexerunt
976 1933 1108 2009 animos,
1119 1930 1204 2012 quin,

152 2020 211 2081 etsi
227 2021 333 2083 omnin
347 2019 479 2082 flammis
493 2040 530 2082 ec
545 2020 640 2083 ruinis
662 2030 781 2102 equata
792 2018 954 2097 vidissent,
977 2019 1116 2101 quamvis
1134 2019 1205 2080 ino-

72 2171 74 2174 ,
154 2126 227 2189 pem
241 2126 439 2190 parvumque,
459 2127 550 2189 quem
576 2106 735 2185 tenebant,
761 2106 884 2185 eodem,
900 2106 1034 2169 libertati
1053 2104 1205 2183 relictum,

154 2194 265 2256 virtute
282 2193 504 2273 defendereut3
526 2204 559 2257 et
577 2192 655 2276 jam,
678 2214 773 2275 quum
795 2194 906 2257 eodem
929 2193 1068 2275 quotidie
1081 2191 1205 2256 accide-

155 2288 235 2357 rent,
263 2280 348 2343 velut
376 2280 494 2343 adsueti
523 2280 624 2359 melis,
647 2280 897 2345 abalienaverant
924 2280 964 2342 ab
989 2297 1082 2343 sensu
1104 2296 1204 2343 rernm

154 2384 276 2429 suumm
297 2366 436 2445 animos3
455 2388 546 2431 unna
563 2379 686 2431 tentum
714 2368 888 2451 ferrumque
914 2367 947 2429 in
972 2366 1100 2446 dextris,
1122 2366 1206 2429 velot

155 2453 235 2515 solas
250 2454 393 2537 reliquias
408 2454 474 2538 spei
489 2474 560 2533 sua,
574 2456 740 2517 inurentes.
1261 2461 1263 2464 ’

197 2538 314 2604 Xblll.
336 2538 417 2604 Gelli
441 2560 573 2624 quoque,
596 2562 652 2625 per
671 2541 789 2624 aliquot
805 2540 870 2604 dies
893 2542 927 2602 in
946 2550 1031 2604 tecta
1044 2538 1141 2602 ruodo
1154 2559 1205 2601 ur·

152 2627 201 2690 bis
222 2628 427 2711 nequidquam
442 2627 524 2690 bello
543 2640 642 2710 gesto,
665 2647 760 2709 quum
780 2629 863 2690 inter
881 2627 1027 2690 incendia
1046 2647 1082 2688 ac
1103 2627 1206 2688 mines

151 2725 251 2796 captas
273 2715 356 2776 urbis
377 2713 455 2776 nibil
482 2733 650 2798 superesse,
679 2726 788 2797 preter
817 2727 952 2776 armatm
981 2713 1097 2792 hosoee,
1119 2711 1206 2775 ride-

152 2811 233 2879 rent,
248 2801 454 2884 nequidquam
475 2813 523 2864 tot
542 2801 680 2864 cladibus
700 2802 835 2880 territos,
859 2822 918 2864 nec
942 2801 1074 2864 flexuros
1093 2799 1135 2861 ad
1150 2798 1205 2862 de-

151 2886 305 2951 ditionem
335 2889 465 2967 animos,
492 2889 524 2950 ni
551 2889 596 2950 vis
624 2887 842 2964 adhiberetur3
870 2886 1002 2971 experiri
1024 2887 1145 2965 ultima,
1174 2895 1207 2949 et

151 2973 292 3054 inpetum
307 2973 409 3038 iecere
432 2976 466 3036 in
490 2995 593 3038 ercem
614 2984 763 3038 statuunt.
810 2973 914 3037 Prinna
927 2975 1008 3052 luce,
1022 2976 1112 3056 siguo
1131 2974 1206 3035 doto

152 3059 321 3122 multitudo
335 3061 436 3123 omnis
456 3061 489 3122 in
509 3060 576 3123 foro
592 3062 760 3123 instruitur.
780 3061 865 3138 inde,
886 3062 1020 3122 clamore
1035 3061 1155 3122 sublato
1162 3080 1206 3122 ,ac
1218 3056 1366 3108 ordimem

154 3146 344 3208 ⁶⁸testudine
359 3145 452 3223 fucta,
475 3147 614 3210 subeunt.
640 3147 781 3209 adversus
807 3166 883 3228 quos
903 3145 1037 3207 Romani
1056 3145 1134 3208 nihil
1158 3155 1206 3206 te·
1218 3123 1351 3236 ⁶22*

153 3251 239 3295 ruere
261 3253 319 3294 nec
341 3232 473 3314 trepide,
497 3232 537 3293 nd
552 3253 659 3294 omnes
674 3233 774 3294 editus
789 3232 973 3294 stationibus
984 3232 1124 3308 firmetis,
1146 3204 1279 3312 φημ’
1322 3222 1329 3237 ’

154 3318 245 3400 signe
266 3317 337 3380 ferri
362 3317 518 3395 videbant,
548 3339 585 3380 ea
607 3318 714 3380 robore
738 3319 873 3380 virorum
896 3318 1041 3400 obposito
1062 3317 1209 3380 scandere

154 3403 278 3467 hostem
293 3405 418 3468 sinunts
442 3423 503 3486 quo
529 3405 710 3467 successerit
733 3404 833 3486 magis
859 3402 891 3467 in
920 3405 1061 3484 arduum,
1082 3425 1122 3467 eo
1136 3404 1210 3488 pelli

154 3511 246 3572 posse
261 3511 317 3574 per
331 3492 465 3574 proclive
481 3490 600 3553 facilius
617 3491 685 3576 rati.
729 3489 839 3554 Medio
863 3491 926 3554 fers
948 3491 1028 3555 clivo
1049 3492 1209 3556 restitere:

348 3597 633 3665 'summumne
792 3597 1014 3666 eumenem

195 3699 220 3738 ⁰¹
249 3699 300 3753 Noe
321 3704 428 3754 mestuus
448 3705 517 3754 solnm
549 3703 668 3770 mnrlpm]
702 3705 874 3770 entiqulsinsus
892 3721 906 3757 e
923 3709 1015 3767 nnerrb,
1031 3707 1071 3757 sed
1087 3707 1211 3759 ssecunds

153 3765 212 3819 Nm
222 3771 299 3820 solum
309 3772 424 3820 menum
435 3777 553 3835 compotes
561 3784 612 3821 esse
622 3783 679 3820 non.
702 3781 782 3820 menn.

154 3848 273 3900 poterut,
293 3837 333 3889 sed
354 3851 385 3885 ne
403 3853 470 3886 sures
489 3837 582 3901 quidem
596 3847 666 3901 etque
730 3835 753 3871 ⁶⁴
770 3835 823 3885 Lar
830 3837 910 3886 &nde
926 3846 1009 3887 metm
1022 3838 1211 3902 requistum

153 3899 232 3951 oculos
250 3902 278 3951 sb
289 3901 392 3968 inquieta
402 3903 527 3964 agitatione
537 3904 666 3953 continere.
699 3911 751 3952 enta
760 3901 803 3964 aar]
817 3901 871 3952 Hoc
881 3903 920 3952 ille
937 3903 1000 3951 idum
1012 3917 1037 3953 et
1046 3903 1155 3964 frigidum
1166 3916 1212 3953 est.

154 3963 272 4030 Concipere
289 3969 385 4018 verbum
406 3979 441 4018 est
460 3968 611 4028 rarissimum,
626 3981 667 4032 pro
701 3965 766 4017 outo
793 3965 857 4016 enim
881 3919 970 4017 nrbes
992 3969 1113 4018 obuertere
1134 3968 1211 4020 locem

153 4033 353 4108 qpollbrsrilhoc
368 4034 420 4084 loce
437 4035 595 4110 obssmslersm
614 4049 666 4083 eoe-
692 4033 763 4104 ‚noni
785 4033 943 4083 accesisse?
979 4033 1080 4084 ludetur
1100 4035 1211 4083 excidisse

151 4099 356 4238 ifi‘zufls‘l'lf
366 4101 667 4216 {tzittltn‘tttt
695 4100 1212 4230 llttn‘ttz‘ffinttt'ttttt

154 4237 190 4272 nu
200 4241 242 4290 pro
255 4227 358 4280 Rhodiis.
393 4229 494 4280 Observa
511 4245 603 4294 quoque
622 4249 667 4281 non
699 4231 829 4281 membrum
846 4245 888 4294 pro
905 4241 1005 4281 centone
1016 4231 1044 4280 sb
1053 4231 1130 4280 elleos
1141 4247 1211 4289 mann

153 4291 586 4361 stampromolmmaumprs
599 4300 667 4348 nell.
698 4309 775 4346 serum
788 4297 869 4346 heberi
886 4297 965 4347 deber.
999 4296 1070 4347 Certe
1086 4312 1116 4345 eo
1132 4298 1211 4348 deleto

156 4365 181 4401 et
194 4368 228 4404 ιν.
239 4363 264 4410 3.
669 4371 680 4380 ·
699 4362 759 4410 nibil
769 4363 809 4412 hie
819 4362 944 4411 desideres.

169 4415 211 4494 ,Β
227 4423 357 4492 detulisset]
371 4425 498 4478 Millonius
511 4441 564 4476 enm
575 4424 666 4477 Grono-
730 4425 754 4461 ⁶⁵
785 4427 903 4476 Tarsum
919 4423 1002 4493 suctu]
1036 4425 1115 4476 Sentis
1142 4445 1168 4478 su

156 4487 336 4548 mouentur,
351 4491 374 4540 u
391 4503 437 4551 ese,
449 4493 528 4544 oculos
546 4505 573 4544 et
588 4505 665 4543 etten-
697 4493 771 4558 πρίει
792 4491 902 4542 deonna.
935 4490 1015 4558 Hujus
1029 4493 1151 4544 munuc

155 4547 245 4606 tlemus
263 4553 334 4609 runt
350 4553 497 4622 mum
513 4557 581 4611 etita
593 4559 666 4611 netes
697 4557 1211 4626 scnpnouenvttsrpuduorsreu,xsrr.ts
