3175 5200
366 377 425 433 816
787 364 872 429 ‘rm
890 364 992 427 mvn

202 521 235 571 U·
247 523 277 605 9·
287 524 344 574 ³⁵9·
368 546 434 589 rum
449 527 595 607 omnium,
616 526 771 609 legerant3
794 539 910 606 tamen,
931 526 1003 608 quia
1017 536 1066 589 tot
1086 520 1172 587 anuis
1185 503 1267 586 varie
1281 522 1325 585 ibi
1339 522 1406 585 bel·

200 586 340 640 ΜΝ·
367 614 463 677 latum
489 626 565 694 erat,
593 614 754 696 multaque
780 614 882 677 clades
907 625 1051 696 accepta,
1075 612 1158 675 velut
1183 632 1224 674 ex
1250 611 1409 693 insperato

368 698 537 763 inmensum
557 702 701 783 gaudium
717 702 794 764 fuit:
818 712 861 779 et,
880 702 1054 784 priusquam
1075 711 1198 761 senatus
1216 699 1407 775 decerneret,

367 788 572 870 plenaomnia
586 788 701 872 templa
722 788 927 851 Romanarum
943 798 1084 865 matrum,
1106 798 1208 869 grates
1227 783 1295 847 Diis
1310 804 1405 865 agen·

366 874 452 952 tium,
484 886 579 937 erant.
623 874 751 937 Senatus
780 876 813 938 in
841 876 1045 957 quatriduum,
1077 885 1153 957 quot
1180 872 1297 934 dierum
1321 870 1414 941 nullo,

368 972 438 1022 ante
449 962 540 1040 hello,
555 962 789 1047 supplicationes
803 963 949 1026 decernit.
991 961 1149 1023 Adventus
1167 978 1287 1041 quoqne
1305 958 1406 1020 dicta·

368 1046 453 1126 toris,
481 1049 619 1111 omnibus
641 1051 797 1133 ordinibus
818 1050 938 1112 obviarn
959 1050 1070 1127 effusis,
1097 1046 1285 1125 celebratior,
1313 1065 1405 1126 quam

325 1140 330 1152 ‘
367 1134 456 1197 ullius
478 1156 621 1219 umquam
649 1151 739 1200 antea
761 1136 840 1200 luite
873 1137 1100 1220 triumphusque
1128 1154 1251 1197 ornnem
1275 1152 1404 1194 consua-

369 1234 434 1285 tum
467 1224 636 1287 honorandi
667 1225 726 1287 diei
760 1224 859 1287 illius¹
891 1225 1015 1287 modurn
1047 1223 1236 1305 aliquantum
1266 1219 1404 1281 excoesit.

370 1307 507 1371 Maxime
529 1322 708 1393 conspectus
734 1312 877 1395 ipse-est,
902 1332 990 1373 curru
1016 1311 1100 1391 equis
1127 1309 1205 1370 albis
1227 1305 1331 1389 juncto
1350 1326 1403 1367 ur·

369 1397 438 1459 bem
462 1397 616 1461 invectus:
641 1400 839 1481 napummque
861 1400 893 1461 id
915 1420 977 1461 non
990 1398 1078 1460 civile
1097 1396 1202 1473 modo,
1223 1394 1278 1457 sed
1299 1394 1406 1455 huma·

369 1484 561 1563 nemetiam,
583 1486 690 1548 visum.
718 1484 819 1567 ¹doris
838 1483 977 1569 Solisque
997 1485 1082 1568 equis
1106 1482 1283 1565 aequiparari
1307 1480 1408 1542 dicta

371 1581 476 1647 torem,
510 1572 539 1633 io
568 1573 745 1654 religionem
772 1574 864 1636 etiam
895 1574 1078 1637 trahebantr
1111 1570 1340 1652 triumphusque
1367 1567 1410 1629 ob

372 1678 440 1719 eum
463 1678 554 1721 unam
577 1660 709 1722 maxime
731 1681 795 1723 rem
818 1660 937 1739 clarior,
958 1679 1049 1742 quam
1071 1658 1195 1741 gratior,
1215 1656 1282 1719 luit.
1326 1651 1409 1716 'lhm

370 1741 486 1807 Junoni
512 1744 636 1827 Reginae
661 1747 808 1831 templum
833 1749 864 1809 in
890 1747 1042 1810 Aventino
1058 1745 1185 1822 ,locavit
1207 1743 1407 1805 ”dedicavit-

372 1851 430 1912 que
458 1830 590 1917 Mutute'e¹
616 1831 740 1896 Mater.
768 1846 870 1916 atque,
897 1834 944 1897 his
970 1833 1078 1896 divinis
1099 1832 1293 1913 humanisque
1316 1830 1405 1890 rebus

206 1947 304 1997 Decima
372 1919 475 1998 gestis,
491 1919 642 1983 dictatura
655 1941 687 1982 se
703 1921 866 1984 abdicavit.
908 1921 968 2003 Agi
983 1920 1093 1982 deinde
1108 1920 1145 1982 de
1157 1917 1305 2002 Apollinis
1321 1915 1405 1977 dono

206 2013 348 2095 praeepro
373 2016 517 2087 coeptum.
544 2007 592 2067 cui
622 2028 655 2069 se
688 2007 864 2071 decumam·
893 2009 1009 2071 vonsse
1035 2007 1140 2091 praede
1167 2016 1283 2088 partem
1312 2022 1406 2085 quum

205 2078 307 2193 ἐφ’
373 2091 487 2155 diceret
517 2090 673 2174 Camillus,
702 2095 862 2177 pontifices
888 2094 1063 2158 solvendum
1091 2093 1233 2175 religione
1259 2090 1406 2175 populum

261 2178 268 2196 ⁶
373 2190 550 2256 censerent3
574 2180 655 2243 baud
682 2181 771 2244 l'aeile
799 2183 931 2246 inibatur
957 2183 1040 2246 ratio
1053 2180 1180 2262 jubendi
1201 2179 1311 2241 referre
1329 2199 1408 2260 prse-

374 2266 446 2327 dam
459 2266 615 2349 populum,
637 2280 672 2331 ut
687 2290 725 2331 ex
744 2290 781 2331 ea
801 2290 870 2353 pars
889 2270 992 2332 debita
1011 2270 1042 2330 in
1063 2288 1183 2331 sacrum
1198 2270 1412 2328 secerneretur.

373 2353 498 2416 tandem
524 2375 572 2432 eo,
601 2355 681 2435 quod
704 2356 888 2419 levissimum
909 2357 1077 2432 videbatur,
1105 2355 1265 2416 decursum
1288 2364 1345 2430 est,
1366 2362 1412 2429 ut,

373 2440 424 2520 qui
449 2460 482 2501 se
503 2440 685 2522 dommnque
707 2443 852 2524 religione
869 2445 1021 2506 exsolvere
1047 2442 1147 2519 vellet,
1177 2461 1271 2523 quum
1293 2440 1413 2503 sibimet

374 2527 439 2608 ipse
464 2526 597 2608 praedem
625 2528 804 2591 aestimasset
825 2552 922 2610 suam,
948 2532 1081 2593 decumae
1102 2528 1233 2612 pretium
1263 2528 1357 2613 partis
1380 2527 1411 2586 in

375 2611 528 2695 publicum
551 2613 699 2678 deferret:
723 2627 756 2678 ut
781 2639 819 2680 ex
841 2640 877 2680 eo
905 2619 1017 2682 donum
1042 2637 1175 2695 aureum,
1198 2617 1322 2698 dignum
1344 2635 1412 2676 am·

374 2698 525 2780 plitudine
540 2701 643 2783 templi
660 2723 695 2763 ac
709 2705 835 2766 numine
848 2704 919 2783 Dei,
942 2727 982 2767 ex
996 2705 1144 2787 dignitate
1163 2704 1265 2786 populi
1279 2701 1411 2765 Romani

374 2783 469 2846 fieret.
506 2782 553 2846 Ea
568 2803 686 2869 quoque
697 2790 831 2852 conlatio
842 2792 938 2872 plebis
953 2795 1070 2854 animos
1087 2813 1106 2852 a
1116 2789 1243 2852 Camillo
1257 2789 1408 2850 alienavit.

372 2869 457 2936 Inter
472 2872 744 2955 haecpacificatnm
758 2876 851 2960 legati
872 2899 891 2940 a
912 2877 1030 2941 Volscis
1057 2889 1089 2940 et
1115 2875 1221 2958 AEquis
1241 2887 1407 2937 venerunt:

375 2958 584 3041 inpetrataque
602 2981 675 3043 pax,
698 2965 795 3046 magis
815 2978 850 3028 ut
868 2965 948 3027 fessa
961 2965 1158 3029 tamdiutino
1170 2963 1251 3026 bello
1270 2962 1410 3043 adquies-

376 3057 459 3107 ceret
473 3045 588 3124 civitas,
603 3069 694 3129 quarn
710 3051 792 3132 quod
808 3052 892 3135 digni
907 3065 1055 3136 peterent.

210 3149 243 3200 U.
256 3148 284 3198 e.
296 3149 352 3199 360.
419 3131 535 3216 XXIV.
557 3132 642 3196 Veiis
657 3137 765 3220 captis,
789 3160 844 3202 sex
862 3140 997 3202 tribunos
1017 3141 1147 3202 militurn
1172 3137 1319 3200 consulari
1341 3149 1414 3220 pot-

209 3215 349 3329 geg-3⁹}
377 3231 473 3282 estete
495 3221 653 3303 insequens
676 3245 770 3286 annus
798 3226 913 3313 habuit,
944 3227 1018 3289 duos
1042 3227 1074 3289 P.
1091 3226 1259 3303 corimbos,
1285 3223 1413 3285 Cossum

211 3295 357 3402 effi?
378 3318 410 3368 et
432 3305 619 3389 Scipionem,
645 3308 691 3372 M.
707 3308 860 3374 Valerium
889 3313 1059 3376 bladinum
1082 3314 1202 3392 iterum,
1226 3311 1265 3374 K.
1286 3309 1413 3374 Fabium

209 3411 316 3459 'remit
377 3392 560 3456 Ambustum
588 3397 723 3477 tertium,
754 3398 788 3461 L.
815 3399 937 3463 Furium
967 3401 1168 3462 Medullinum
1199 3400 1348 3480 quintum,
1373 3399 1412 3469 Q.

211 3501 357 3562 vorhtun.
378 3477 536 3541 Servilium
563 3483 696 3544 tertium.
742 3485 890 3548 Corneliis
912 3487 1061 3550 Faliscum
1085 3488 1209 3566 bellum,
1231 3484 1352 3548 Valerio
1375 3506 1412 3545 ac

378 3562 503 3626 Servilio
518 3565 656 3650 Capenas
672 3585 752 3634 sorte
775 3575 885 3636 evenit.
908 3576 946 3636 ab
963 3576 999 3636 iis
1022 3596 1082 3637 non
1102 3576 1189 3636 urbes
1204 3574 1233 3634 vi
1248 3585 1301 3635 aut
1313 3572 1411 3654 operi·

378 3651 432 3712 bus
462 3663 596 3732 tentate,
627 3657 681 3719 sed
710 3679 781 3740 ager
811 3671 859 3722 est
887 3661 1096 3745 depopulatus,
1125 3661 1291 3743 praedaque
1313 3678 1411 3722 rerum

309 3743 313 3754 “
376 3739 538 3819 agrestium
564 3757 648 3804 actae.
673 3745 755 3807 nulla
773 3747 845 3809 felix
871 3748 969 3826 arbor,
992 3749 1067 3810 nihil
1091 3748 1265 3830 fmgifemm
1288 3748 1319 3810 in
1340 3765 1414 3828 agro

376 3826 525 3890 relictum.
569 3826 614 3890 Ea
635 3829 735 3894 clades
756 3831 943 3917 Capenatem
966 3835 1111 3919 populum
1131 3835 1259 3917 subegit.
1280 3855 1341 3918 pax
1358 3854 1413 3917 pe·

406 3953 544 4002 ¹illiutdiei
555 3953 628 4003 Gran.
641 3953 710 4006 Cret·
790 3957 966 4008 enumeret.
977 3958 1051 4008 Doer.
1067 3958 1122 4009 MS.
1131 3959 1212 4007 veitn.
1293 3959 1416 4008 *dm

374 4015 408 4065 ric
418 4032 508 4082 semper
523 4017 596 4068 Gran.
607 4019 675 4070 Creu.

408 4113 430 4147 ⁸⁸
446 4115 461 4144 ⁴
480 4113 591 4168 Panem..
601 4135 672 4167 ..nort
688 4119 752 4188 ciuile
765 4121 838 4180 uodo,
851 4123 888 4170 red
908 4123 1020 4186 templum
1029 4121 1186 4185 mnsam.
1203 4123 1315 4178 sutrim
1324 4121 1416 4188 quidem

376 4175 570 4232 leumonumetr'um
598 4183 682 4232 Parum
692 4186 886 4234 conveniensnon
909 4205 962 4246 vox,
983 4205 1066 4254 urmpe
1083 4191 1158 4248 eum,
1177 4202 1252 4238 exuat
1272 4191 1298 4238 in
1319 4205 1365 4238 uuo
1384 4203 1417 4236 ax

377 4241 549 4321 solumueir'irm
580 4249 887 4308 estire,aedetiambomiuia
909 4253 980 4318 MSS.
1009 4255 1114 4306 Hesrnii.
1145 4255 1256 4304 Ceterum
1280 4257 1320 4304 hic
1350 4253 1420 4316 vulp

376 4309 506 4384 conduronr.
908 4317 991 4380 legitur
1009 4320 1103 4368 blotutae
1116 4323 1195 4368 notri:
1210 4321 1250 4370 sed
1267 4322 1418 4378 Andrum«

408 4370 430 4406 ἃ)
439 4370 454 4399 ·
465 4371 620 4441 Dadimu'tqroe
627 4379 720 4430 Matuta
727 4380 817 4445 matris]
828 4383 886 4448 Sup-
907 4385 953 4432 duo
963 4400 992 4433 ea
1004 4385 1102 4434 chnii
1116 4388 1180 4435 told.
1196 4385 1297 4448 itemque
1309 4403 1324 4435 e
1335 4386 1421 4434 nouis

375 4433 423 4550 ple,
442 4438 564 4502 templum,
583 4445 629 4492 rive
652 4449 734 4496 edem.
771 4447 885 4498 Dicebant
906 4451 1148 4502 truhabsotorutris.
1180 4451 1213 4503 Et
1229 4454 1262 4501 ric
1278 4452 1339 4502 nolet
1355 4451 1422 4516 loqui

384 4517 449 4552 ocare
476 4503 586 4570 templum
613 4509 681 4560 adeor·
706 4513 759 4571 dm
781 4513 885 4566 dedicare
906 4513 993 4569 ustus.
