3175 5200
408 401 467 454 444
835 390 920 452 tm
938 380 1039 452 mvn

242 546 276 596 ⁰·
288 545 317 594 ὓ·
327 545 384 596 ⁴¹³·
409 551 420 584 ‘
434 549 548 612 hostes.
577 545 661 629 Frgo
671 566 725 609 vos
734 545 818 629 prius
828 545 862 608 in
872 567 921 609 me
930 546 1110 610 strinxeritis
1121 547 1247 626 fernim,
1259 566 1365 629 quam
1376 545 1415 608 in
1428 566 1488 607 ros

242 612 274 660 Α·
285 611 314 660 α
324 615 379 664 ³³⁹·
408 639 512 718 ‘egoae
523 635 614 698 istinc
628 635 717 716 signa
731 646 854 712 canent,
876 633 965 696 istinc
988 634 1103 696 elamor
1120 635 1204 717 prius
1220 633 1487 716 incipientque
1547 662 1548 711 l

408 724 419 757 ‘
433 723 564 806 inpetus,
578 722 604 783 si
619 719 825 782 dimicandum
840 732 897 781 est
937 719 1080 783 inducite
1094 722 1125 783 iu
1137 723 1294 798 animum,
1306 719 1405 802 quod
1416 740 1484 781 non

407 811 419 843 ‘
433 810 617 871 induxenmt
626 820 727 891 patres
736 807 958 890 aviqucvestri3
970 828 1033 868 non
1044 808 1099 884 illi,
1109 809 1159 890 qui
1173 808 1205 870 in
1217 806 1363 870 Sacrum
1383 828 1483 868 mon·

408 899 419 930 ‘
434 908 497 957 tem
512 905 717 970 secesserunt3
739 890 803 954 non
816 893 860 972 hi,
870 895 923 976 qui
945 907 1054 976 postea
1063 894 1251 959 Aventinum
1267 893 1480 956 insedemut.

408 984 418 1015 ‘
433 981 627 1065 Exspectate,
650 980 723 1043 dum
740 981 827 1042 vobis
842 981 978 1062 singulis,
998 993 1033 1042 ut
1047 982 1122 1044 olim
1140 981 1327 1057 Coriolano,
1354 993 1480 1044 matra

408 1068 635 1152 ‘conjugesque
646 1068 778 1130 crinibus
786 1068 883 1150 passis
892 1067 988 1130 obvie
998 1067 1038 1129 ab
1046 1070 1121 1130 urbe
1128 1070 1263 1130 veniant.
1288 1067 1385 1131 'lum
1396 1065 1477 1130 Vol-

407 1157 417 1189 ‘
431 1176 551 1217 scotum
561 1155 705 1238 legiones,
711 1154 781 1238 quia
786 1153 958 1216 Romanum
968 1155 1122 1217 habebant
1131 1155 1253 1233 ducem,
1258 1156 1476 1237 quieverunt;

407 1243 495 1319 ‘ros‚
519 1241 675 1303 Romanus
697 1242 858 1319 exercitus,
883 1240 947 1302 neb
973 1241 1150 1304 destiteritis
1174 1243 1261 1325 inpio
1288 1242 1409 1304 bello?
1436 1241 1476 1304 T.

407 1330 418 1362 ‘
433 1328 568 1407 Quincti,
579 1349 768 1412 quocumque
778 1328 848 1390 istie
858 1327 939 1406 loco,
950 1349 1003 1390 seu
1012 1328 1126 1407 volens,
1136 1350 1189 1390 seu
1197 1330 1329 1408 invitus,
1348 1331 1474 1391 consti·

408 1416 419 1448 ‘
433 1415 508 1492 tisti,
520 1416 545 1476 si
557 1415 763 1477 dimicandum
775 1415 843 1494 erit,
853 1426 920 1476 tum
929 1427 963 1477 tu
972 1416 1004 1477 in
1014 1416 1191 1478 novissimos
1202 1428 1236 1479 te
1245 1417 1411 1499 recipito:
1424 1417 1472 1478 lu-

408 1502 418 1534 ‘
432 1503 512 1583 geris
525 1503 617 1564 etiam
630 1502 797 1579 honestius,
811 1513 988 1585 tergumque
1005 1503 1061 1563 civi
1076 1502 1205 1580 dederis,
1222 1523 1325 1584 quam
1341 1525 1472 1588 pugna·

408 1588 508 1651 ‘reris
527 1599 635 1650 contra
654 1589 794 1671 patriam.
847 1587 937 1649 Nune
957 1589 998 1650 ad
1017 1588 1239 1670 pacificandum
1261 1592 1349 1652 bene
1375 1605 1473 1675 atque

407 1675 418 1708 ‘
432 1675 559 1737 honeste
573 1675 652 1736 inter
660 1675 772 1757 primos
782 1675 887 1753 stabis,
899 1686 932 1738 et
939 1676 1090 1758 conloquii
1102 1675 1189 1758 hujus
1204 1677 1356 1739 salutaris
1369 1679 1471 1740 inter-

407 1759 417 1792 ‘
432 1781 500 1843 pres
511 1760 611 1823 fueris.
634 1765 661 1800 ⁹⁰
674 1760 828 1823 Postulate
836 1783 931 1843 equa,
943 1775 975 1824 et
984 1763 1075 1824 ferte:
1087 1784 1274 1847 quamquam
1283 1765 1337 1826 vel
1350 1765 1469 1848 iniquis

239 1862 270 1914 T.
280 1862 369 1911 Quinc.
407 1847 575 1910 ‘standum
584 1858 631 1910 est
641 1848 849 1930 potius‚quam
858 1848 1041 1930 inpiasinter
1049 1871 1106 1911 nos
1114 1870 1317 1912 conseramus
1327 1851 1470 1914 ursimus.y

239 1927 285 1977 ¹¹⁰⁵
293 1945 345 1977 ‘¹⁸⁰⁸
355 1929 383 1976 ²⁶
405 1931 445 1996 Τ.
455 1934 616 2005 Quinctius
628 1935 734 2017 plenus
745 1935 950 2014 lacrimarum,
961 1937 1002 1998 ad
1012 1957 1082 1998 suos
1094 1957 1208 2014 versus,
1224 1936 1303 1999 ‘Me
1313 1938 1468 2022 quoqne,’

234 1996 378 2109 {fflhoe'
407 2021 514 2105 inquit,
539 2021 684 2098 ‘militen
705 2021 812 2104 siquis
828 2042 899 2082 usus
917 2023 977 2083 mei
989 2034 1047 2101 est,
1066 2023 1224 2086 meliorem
1242 2025 1346 2106 pscis,

407 2109 417 2141 ‘
431 2107 512 2184 belli,
523 2108 641 2172 habetis
650 2109 771 2170 ducem.
814 2106 885 2170 Non
897 2110 978 2170 enirn
990 2109 1042 2170 illa
1052 2110 1146 2172 modo
1153 2109 1286 2172 Volscus
1297 2124 1358 2174 aut
1368 2111 1465 2174 Sam-

405 2195 417 2228 ‘
431 2197 488 2272 nis,
500 2195 553 2257 sed
559 2193 725 2274 Romanus,
736 2195 828 2256 verba
838 2195 913 2257 iecit
917 2219 927 2273 3
939 2206 1036 2256 vester
1044 2197 1161 2274 consul,
1166 2208 1266 2259 vester
1275 2199 1463 2282 imperator,

405 2283 415 2314 ‘
430 2283 562 2344 milites:
578 2279 663 2364 cujus
676 2282 813 2365 auspicia
827 2303 883 2363 pro
894 2283 979 2344 vobis
998 2283 1116 2365 experti
1131 2284 1230 2346 nolite
1245 2285 1397 2347 adversus
1407 2309 1461 2348 ros

404 2369 505 2431 ‘velle
526 2369 665 2452 experiri.
709 2369 768 2440 Qui
788 2381 959 2450 pugnarent
979 2371 1133 2431 vobiscum
1153 2371 1307 2449 infestius,
1327 2387 1363 2436 et
1378 2374 1459 2434 alios

405 2455 522 2518 ‘duces
537 2467 659 2518 senatus
671 2455 796 2518 habuitz
812 2455 863 2538 qui
875 2456 1008 2517 maxime
1024 2457 1118 2534 vobis,
1132 2457 1194 2519 suis
1205 2459 1366 2539 militibus,
1381 2483 1458 2542 par·

405 2541 522 2618 ‘ceret,
546 2543 594 2603 cui
605 2542 778 2624 plurimum
798 2563 852 2604 vos
869 2543 1042 2625 imperatori
1061 2556 1162 2607 vestro
1181 2545 1359 2625 crederetis,
1380 2569 1455 2609 eum

404 2628 415 2659 ‘
429 2628 531 2709 elegit.
576 2627 698 2705 Pacem,
714 2629 806 2691 etiam
823 2630 874 2710 qui
884 2630 1006 2691 uincere
1015 2644 1152 2714 possunt,
1168 2633 1283 2695 volunt
1302 2634 1377 2716 quid
1393 2656 1455 2696 nos

404 2714 413 2745 ‘
428 2714 504 2774 velle
515 2714 657 2795 oportet?
673 2714 756 2797 quin,
772 2715 891 2776 omissis
904 2716 949 2777 ira
963 2728 996 2777 et
1007 2738 1073 2799 spe,
1091 2718 1247 2780 fallacibus
1259 2722 1452 2798 auctoribus,

404 2798 414 2830 ‘
429 2819 485 2859 nos
500 2799 581 2881 ipsos
596 2809 758 2881 nostraque
774 2802 877 2861 omnia
891 2804 1023 2884 cognitae
1036 2805 1237 2885 permittimus
1250 2805 1326 2865 fidei.

446 2882 528 2946 XLl.
549 2883 799 2968 Adprobantibus
820 2886 954 2949 clamore
977 2891 1107 2969 cunetis,
1129 2889 1170 2953 T.
1180 2891 1340 2968 Quinctius,
1363 2904 1444 2953 ante

403 2971 492 3054 signa
513 2982 697 3055 progressus,
723 2974 754 3034 iu
776 2985 931 3055 potestate
953 2976 1112 3038 dictatoris
1138 2978 1247 3041 milites
1265 2978 1326 3038 iore
1340 2977 1448 3039 elisit:

403 3060 528 3139 oravit⁰,
552 3071 587 3121 ut
609 3079 746 3121 4444444444
767 3059 947 3123 miscrorum
971 3063 1081 3124 civium
1107 3065 1293 3146 susciperet:
1318 3084 1450 3148 suseep-

402 3158 525 3230 tnmque
539 3146 646 3207 eadem
661 3144 731 3222 fide,
742 3167 804 3231 qua
814 3148 1030 3229 rempublicam
1050 3149 1262 3213 administrare
1275 3151 1382 3213 solitus
1396 3164 1457 3213 es-'

402 3246 460 3312 set,
475 3246 620 3296 tueretur.
652 3230 736 3295 ‘Sibi
748 3254 780 3294 se
793 3234 934 3316 privatim
942 3236 1017 3297 nihil
1028 3256 1153 3299 cauere:
1170 3238 1252 3299 nolle
1262 3238 1346 3315 alibi,
1356 3260 1450 3323 quam

402 3320 412 3352 ‘
428 3320 459 3383 in
473 3320 659 3398 innocentia,
672 3340 758 3402 spem
768 3317 890 3383 habere.
923 3319 1074 3384 Militibus
1083 3324 1263 3402 cavendum,
1273 3326 1357 3408 quod
1366 3328 1451 3409 apud

401 3404 532 3469 ‘Patres
552 3405 644 3467 semel
665 3407 757 3488 plebi,
779 3407 888 3469 iterum
903 3408 1073 3490 legionibus
1091 3421 1214 3473 cautim
1235 3414 1287 3490 sit,
1309 3433 1350 3475 ne
1365 3412 1449 3475 frau-

401 3491 457 3553 ‘di
473 3493 603 3553 secessio
615 3490 716 3555 esset!
760 3492 906 3562 Quinctio
921 3496 1115 3573 conlaudato,
1126 3498 1234 3559 ceteris
1249 3500 1367 3562 bonum
1382 3502 1450 3562 ani·

400 3596 484 3638 mum
505 3577 616 3639 habere
638 3576 740 3658 jussis,
756 3580 899 3659 dictator,
923 3602 1000 3664 equo
1024 3583 1121 3645 citato
1147 3585 1187 3646 ad
1212 3586 1320 3647 urbem
1343 3608 1449 3649 reuec-

400 3674 460 3741 tus,
475 3663 649 3725 euctoribns
664 3662 813 3744 Patribus,
837 3666 908 3729 tulit
930 3668 970 3729 ad
991 3668 1137 3751 populum
1159 3671 1192 3731 in
1211 3671 1282 3736 luco
1296 3670 1449 3752 Petelino,

400 3770 439 3812 ne
462 3750 510 3811 cui
534 3749 665 3811 militum
690 3751 787 3813 fraudi
813 3752 943 3815 secessio
969 3766 1058 3816 esset.
1109 3755 1216 3819 Oravit
1242 3761 1337 3821 etiam
1364 3761 1450 3823 hona

398 3836 487 3899 venia
501 3836 644 3913 Quirites,
659 3857 699 3899 ne
721 3838 787 3921 quis
812 3860 881 3901 eam
907 3860 970 3901 rem
988 3838 1062 3923 joco
1087 3844 1203 3906 seriove
1224 3846 1367 3931 cuiquam
1390 3868 1449 3909 ex·

397 3924 565 4007 probraret.
608 3926 632 3965 ⁹¹
644 3921 710 3986 hex
725 3944 844 4008 quoqne
858 3939 978 3989 4444444
994 3928 1133 3991 militaris
1149 3930 1213 3993 lata
1226 3945 1284 4011 est,
1304 3954 1345 3995 ne
1359 3934 1450 4018 cujus

592 4053 827 4107 1’44446444413444
1039 4064 1173 4126 emurque
1181 4062 1247 4113 End.

427 4154 451 4189 ⁹⁰
467 4153 580 4203 Postuluto
599 4169 672 4216 aeqrm,
690 4162 712 4202 et
728 4152 805 4219 ferta]
829 4154 855 4202 Si
875 4155 904 4205 τὸ
934 4157 1075 4209 sntirbeseos
1104 4163 1210 4224 expedita
1238 4175 1264 4214 et
1294 4167 1357 4216 clara
1380 4183 1451 4223 esset.

388 4214 452 4279 serta
471 4220 510 4267 hle
530 4219 618 4267 dietum
640 4230 684 4277 est,
713 4221 904 4283 quemadmodum
934 4222 982 4272 Sed
1003 4240 1110 4274 veremur
1131 4228 1244 4277 tre-hanc
1272 4231 1445 4297 interpretatio

397 4281 512 4341 vulgrtum
541 4283 599 4331 illud
617 4283 684 4348 serre
707 4287 845 4343 conditiora,
863 4302 903 4350 pr·
933 4304 1045 4339 nemnon
1064 4291 1164 4357 patiatur
1172 4294 1379 4348 hrininemonir
1395 4317 1452 4367 pro-

396 4359 448 4391 rum
467 4346 543 4395 differt
560 4348 628 4397 abeo
646 4350 707 4411 quod
724 4352 839 4414 praecenit
854 4368 914 4413 444--
934 4355 1026 4418 prieris
1180 4377 1183 4381 ⁸

397 4408 475 4458 tulate.
507 4411 681 4462 Hincnobisin
700 4426 804 4465 mentem
820 4416 913 4465 venie.»
964 4422 985 4457 ⁹¹
1002 4419 1156 4489 Inuum]
1165 4422 1277 4485 1144444.
1287 4428 1453 4486 8141433.

395 4472 443 4533 bnt,
462 4489 517 4523 num
536 4489 611 4540 ponet
629 4481 721 4543 expui,
738 4480 912 4545 perferetur-1
933 4484 987 4537 114.
1144 4491 1152 4513 “’
1418 4486 1422 4491 ’

395 4537 464 4603 cipite
481 4556 557 4607 equus
572 4542 722 4595 rmdir'roner.
754 4546 823 4597 'tune
841 4550 902 4599 utto
969 4581 973 4589 ‚
