3175 5200
374 356 432 419 180
756 364 759 371 ’
795 346 885 419 ,rm
903 345 1005 411 nlvll
1077 356 1080 360 ’

209 518 360 599 Orotan.
373 510 419 575 Eo
435 530 516 573 anno
535 529 599 574 non
614 506 734 591 segnior
749 505 901 571 discordia
925 506 1020 585 domi,
1043 519 1076 571 et
1098 506 1212 571 bellu‘m
1231 506 1312 572 'loris
1331 513 1414 571 atio·

209 588 313 705 ἔξω
374 600 440 665 cius
454 598 522 661 fuit.
565 597 614 661 Ab
628 594 738 675 AEquis
754 612 839 657 arma
852 606 963 659 urmta.
1005 590 1150 659 Veientes
1169 615 1276 677 agrurn
1294 616 1415 681 quoqne

267 688 275 705 '
376 686 585 751 Romanorum
609 682 788 765 populantes
818 681 962 745 inierunt.
998 686 1127 763 quorum
1154 682 1304 747 bellorum
1334 704 1415 746 crea⁴

211 800 351 853 pram,
378 784 467 837 cente
486 792 568 847 cura,
589 768 628 831 K.
644 768 755 830 Fabius
775 780 808 830 et
829 767 883 851 Sp.
904 768 1010 831 Furius
1036 770 1175 833 consules
1189 770 1277 833 fiunt.
1320 771 1415 833 Orto·

210 869 350 947 1.ο.179.
377 882 460 939 nam,
484 856 626 921 Latinam
640 856 756 933 nrbern,
777 852 872 935 AEqui
887 858 1116 939 obpugnabant.
1158 854 1316 937 Veientes,
1332 856 1415 939 pleni

209 933 343 1049 ᾗξὼῗῶ
373 946 439 1029 jam
464 942 710 1027 populationum5
728 940 863 1004 Romam
884 942 982 1025 ipsam
1006 962 1039 1005 se
1063 945 1293 1026 obpugnaturus
1316 945 1416 1006 mina*

211 1035 247 1113 rio'
257 1018 321 1117 0¹2¹,
344 1028 354 1041 '
377 1034 516 1095 banturfl.
561 1028 621 1101 Qui
642 1041 783 1107 terrores,
808 1048 901 1110 quum
925 1048 1121 1111 compescere
1135 1030 1291 1109 deberent,
1306 1050 1416 1095 erexere

370 1120 499 1200 insuper
528 1117 647 1179 animos
676 1115 793 1198 plebis:
829 1114 1006 1196 redibatque
1031 1138 1095 1179 uon
1119 1137 1175 1179 arm
1198 1129 1307 1200 sponte
1329 1116 1415 1200 plebi

376 1224 444 1267 mos
468 1203 661 1267 detrectandi
684 1202 836 1265 militiam.
860 1201 914 1263 sed
933 1199 989 1284 Sp.
1002 1200 1136 1264 Licinius
1152 1204 1289 1267 tribunus
1307 1204 1417 1287 plebis,
1458 1220 1464 1229 ·

376 1291 493 1353 venisse
508 1302 627 1373 tempus
651 1300 733 1351 ratus
752 1309 814 1371 ,per
837 1288 975 1351 ultimam
998 1290 1211 1352 necessitatem
1228 1291 1305 1371 legis
1324 1310 1415 1372 agra·

377 1378 428 1441 riae
452 1376 590 1439 Patribus
611 1374 813 1459 injungenda,
837 1386 1013 1458 susceperat
1029 1394 1095 1437 rem
1114 1376 1278 1457 militarem
1299 1376 1418 1457 inpedi-

376 1464 500 1527 endam.
545 1462 687 1525 Ceterum
707 1466 734 1503 ⁶⁰
746 1473 813 1525 tota
831 1462 945 1524 invidia
967 1462 1136 1525 tribuniciae
1158 1463 1318 1545 potestatis
1332 1482 1419 1523 versa

378 1551 410 1612 in
425 1560 578 1612 auctorem
594 1561 659 1635 est:
681 1570 738 1611 nec
760 1549 792 1610 in
812 1570 882 1611 eum
901 1549 1041 1611 consules
1056 1550 1165 1627 acrius,
1184 1553 1307 1630 quam⁶¹
1325 1550 1418 1631 ipsius

378 1637 443 1719 ejus
463 1636 597 1718 collega,
619 1636 714 1697 coorti
735 1646 825 1697 eunte
850 1635 1023 1718 auxilioque
1043 1657 1148 1698 eorum
1169 1636 1322 1699 delectum
1342 1653 1418 1698 con·

377 1723 456 1785 sulas
470 1724 595 1785 habent.
638 1722 688 1785 Ad
714 1722 775 1783 duo
799 1723 889 1785 simul
912 1722 993 1784 bella
1015 1722 1165 1785 exercitus
1187 1723 1337 1785 scribitur.
1360 1723 1417 1784 du-

377 1811 492 1873 cendus
513 1808 608 1872 Fabio
633 1810 665 1871 in
688 1806 817 1891 AEquos,
846 1810 878 1871 in
902 1806 1046 1871 Veientes
1071 1809 1162 1872 Furio
1182 1808 1287 1872 datur..
1325 1808 1366 1871 Et
1385 1808 1417 1869 in

377 1894 555 1959 Veientibus
570 1896 692 1978 quidem
714 1894 789 1957 nibil
816 1894 943 1978 dignrun
957 1898 1106 1959 memoria
1118 1907 1240 1979 gestum
1254 1907 1311 1958 est.
1354 1893 1414 1956 Fa·

378 1984 429 2045 bio
444 1982 599 2065 aliquanto
614 1982 683 2065 plus
697 1983 812 2065 negotii
836 2002 907 2044 cum
932 1984 1057 2059 civibus,
1080 1981 1171 2064 quam
1186 2004 1255 2045 cum
1268 1980 1415 2059 hostibus,

378 2070 446 2132 luit.
462 2090 539 2132 uuus
555 2070 605 2131 ille
628 2069 673 2130 vir
699 2069 764 2151 ipse
788 2070 893 2131 consul
914 2070 1133 2152 rempublicam
1154 2070 1307 2148 sustinuit,
1322 2086 1414 2151 quarn

378 2158 528 2234 exercitus
540 2157 612 2218 odio
623 2156 766 2235 consulis,
787 2156 982 2237 quantumin
1004 2157 1116 2235 sciuit,
1132 2156 1291 2238 prodebat.
1333 2152 1416 2215 Nam

379 2264 471 2326 quum
484 2244 601 2321 consul,
617 2254 724 2325 praeter
738 2254 854 2305 ceteras
874 2240 1085 2325 imperatorias
1103 2253 1194 2321 artes,
1218 2263 1294 2323 quas
1308 2260 1418 2323 paran-

378 2332 419 2394 do
433 2330 627 2414 gerendoque
642 2328 722 2391 bello
743 2328 841 2392 edidit
856 2330 1011 2412 plurimas,
1036 2331 1082 2391 ita
1101 2330 1293 2392 instruxisset
1310 2329 1417 2405 aciem,

379 2430 422 2496 ut,
447 2418 512 2479 solo
533 2417 669 2497 equitatu
684 2416 805 2494 emisso,
832 2418 999 2479 exercitum
1015 2416 1149 2478 hostium
1164 2416 1317 2493 funderet,
1337 2415 1419 2475 inee-
1478 2453 1480 2456 -

380 2504 431 2584 qui
452 2503 534 2564 fusos
549 2502 642 2584 pedes
657 2502 764 2563 noluit.
779 2523 837 2565 nec
852 2503 930 2582 illos,
954 2513 986 2563 et
1009 2503 1035 2563 si
1059 2522 1121 2563 non
1143 2502 1317 2562 adhortatio
1331 2501 1417 2561 invisi

288 2587 294 2593 ’
379 2588 474 2668 ducis,
490 2609 578 2651 suum
591 2589 702 2650 saltem
715 2588 864 2670 flagitium
880 2599 913 2651 et
927 2588 1082 2672 publicum
1095 2588 1127 2649 in
1147 2588 1308 2671 praesentia
1322 2586 1417 2649 dede-

380 2697 443 2754 cus,
468 2673 630 2758 postmodo
655 2675 834 2758 periculum,
857 2676 882 2736 si
906 2675 1026 2736 animus
1047 2675 1127 2737 hosti
1146 2675 1285 2753 redisset,
1309 2691 1419 2755 cogere

379 2762 482 2845 potuit
499 2763 627 2844 gradum
652 2762 843 2838 adcelerare3
867 2772 929 2838 aut,
948 2761 973 2822 si
995 2761 1078 2822 aliud
1099 2761 1185 2838 nihil,
1202 2760 1417 2834 ⁵'irrstareirrss

379 2851 519 2910 structos.
563 2845 682 2928 lnjussu
707 2848 794 2930 signa
819 2846 961 2925 referunt,
985 2847 1156 2929 moestique,
1179 2844 1331 2925 (crederes
1353 2847 1417 2907 vie

378 2935 439 3014 tos)
458 2943 649 2996 exsecrantes
664 2936 745 2996 nunc'
761 2933 985 3014 imperatorem,
1009 2953 1089 2995 nurrc
1104 2943 1245 2996 navatam
1261 2933 1418 3014 obequita

378 3041 514 3104 operam,
538 3020 665 3082 redeunt
688 3021 720 3082 in
744 3030 854 3081 castra.
897 3019 964 3081 Nec
980 3021 1050 3081 huic
1063 3031 1127 3082 tam
1142 3019 1297 3102 pestilenti
1312 3037 1418 3080 exem

378 3109 430 3191 plo
445 3107 580 3173 remedia
600 3107 663 3168 ulla
684 3108 724 3168 ab
745 3107 927 3188 imperatore
941 3108 1067 3190 quesita
1080 3117 1160 3169 sunt.
1172 3106 1250 3168 adeo
1264 3106 1418 3168 exceller-

377 3195 459 3256 tibus
482 3195 610 3276 ingeniis
632 3193 721 3255 citius
748 3191 878 3255 defuerit
902 3214 960 3273 ars,
980 3213 1042 3273 qua
1067 3195 1163 3255 civem
1184 3204 1305 3274 regant,
1325 3211 1417 3273 quam

370 3301 441 3362 =qua
454 3282 575 3342 hostem
598 3289 749 3363 superent.
794 3278 910 3343 Consul
929 3281 1060 3342 Romam
1076 3281 1175 3358 rediit,
1191 3297 1254 3341 non
1268 3291 1332 3342 tarn
1347 3279 1418 3341 belli

378 3368 475 3451 gloria
490 3380 589 3446 aucta,
605 3388 695 3448 quam
711 3367 827 3429 irritato
842 3369 1082 3449 exacerbatoque
1098 3368 1129 3430 in
1144 3387 1177 3427 se
1188 3366 1321 3428 militum
1336 3366 1419 3426 odio.

215 3471 288 3520 uc,
300 3473 355 3522 274,
379 3453 546 3516 Obtinuere
562 3463 666 3515 tamen
685 3451 799 3531 Patres,
824 3466 859 3516 ut
879 3454 910 3515 iu
925 3451 1021 3515 Fabia
1043 3465 1134 3536 gente
1152 3453 1330 3515 consulatus
1351 3472 1418 3513 ma·

213 3534 356 3652 ῢξέξίζῖἰ
380 3551 477 3687 nMeretl3
517 3537 565 3685 litlil.
595 3538 721 3601 Fabium
752 3540 907 3602 consulem
937 3551 1060 3603 creant:
1088 3539 1183 3602 Fabio
1211 3539 1329 3620 collega
1358 3535 1417 3599 Cn.

246 3635 253 3649 ’
338 3639 365 3679 -·
418 3645 457 3686 an
470 3633 527 3685 rus·
552 3634 628 3687 atur.

214 3664 370 3785 &Vm
421 3706 533 3775 XLIV.
565 3709 607 3774 llt
631 3711 680 3774 hic
708 3735 805 3776 annus
828 3712 982 3776 tribunum
1015 3717 1168 3776 auctorem
1194 3712 1269 3796 legis
1295 3698 1419 3792 agraiiae

379 3800 494 3864 habuit.
538 3797 588 3862 Ti.
617 3797 791 3862 Pontificius
818 3799 884 3861 fuit.
909 3799 946 3878 is,
971 3801 1109 3864 eamdem
1132 3800 1223 3877 viam,
1246 3797 1329 3860 velut
1347 3818 1418 3879 pror

379 3887 516 3950 cessisset
534 3883 588 3968 sp.
611 3883 760 3965 Licinior,
783 3885 946 3966 ingressus,
967 3887 1119 3949 delectrun
1141 3886 1308 3969 paullisper
1330 3884 1418 3969 iupe-

442 4053 785 4106 ¹²miaitabouturGron.Crer.
880 4062 892 4087 ⁰
898 4057 1032 4116 pracedat
1042 4053 1080 4117 Sp.
1092 4051 1194 4102 Licinius
1205 4039 1262 4100 MS]
1273 4047 1353 4099 Veitb.
1400 4058 1403 4065 ’

377 4163 449 4214 MSS.
458 4167 556 4219 Hermil
572 4161 659 4218 habeis
670 4178 709 4216 111.
725 4181 785 4216 unua
801 4182 880 4234 11101-
907 4151 1013 4231 tabem,
1030 4167 1055 4216 id
1065 4179 1140 4218 totum
1150 4153 1232 4216 recidit
1247 4167 1271 4214 in
1280 4164 1354 4229 lpruin
1364 4177 1420 4213 rac·

378 4229 499 4309 trbtertr'o,
532 4233 621 4314 *Lege
637 4232 666 4288 Q.
674 4229 755 4282 Fabius
766 4246 794 4283 11.
803 4232 827 4282 id
837 4243 881 4292 cst,
912 4231 1345 4361 ⁸⁰¹ii⁰1mfbu¹⁶9⁶⁶ffiffihffl
1373 4234 1420 4343 ,ὦ

376 4305 466 4436 mm}
476 4297 634 4436 ῗοεῖιζιυυιὶὶὶῒ]
655 4363 771 4431 Quidquid
790 4365 880 4414 incidie*
913 4313 1231 4425 mmueffiuiffegenoum
1241 4361 1334 4410 viderie·
1360 4311 1381 4408 ‚J
1404 4355 1410 4387 ²

375 4435 401 4476 et
417 4424 468 4483 odu
489 4439 514 4473 m
530 4425 609 4476 Pruer
630 4429 738 4491 licinius,
754 4432 880 4493 tribunitia
943 4427 966 4461 ⁵¹
982 4427 1079 4492 lauare]
1106 4427 1180 4498 Recte
1207 4437 1287 4481 teum
1341 4437 1421 4476 utetut

372 4487 493 4558 ‘mereor
508 4487 579 4554 arde
595 4491 713 4558 runnu,
727 4499 827 4550 extima
840 4497 880 4567 'ui-¹
906 4490 1154 4548 tumtum
