3175 5200
428 377 487 440 576
842 365 1048 430 tmnvn

252 539 395 660 lid:
420 519 1477 692 :ruttftmuu‘rlustusututm

418 701 582 785 paullisper
604 698 757 761 recruduit
777 718 890 780 pugna.
915 698 953 758 iis
967 717 1086 778 quoque
1100 718 1173 758 mox
1186 696 1273 774 struis,
1283 695 1356 777 jam
1372 717 1394 757 a
1408 697 1475 756 vic·

419 787 537 849 toribus
560 795 661 846 castra
686 785 961 866 obpugnabantur:
999 795 1043 861 et,
1074 802 1166 864 quum
1187 779 1377 844 Volumnius
1406 782 1475 864 ipse

420 882 518 956 porte
539 871 627 952 signa
647 869 771 933 inferret
778 892 789 948 3
813 868 940 953 Appius,
959 867 1118 930 Bellonam
1142 869 1302 930 victricem
1338 869 1472 930 idemti-

378 1018 383 1032 ,
423 959 494 1022 dent
528 958 695 1035 celebrans,
730 956 912 1018 accenderet
942 955 1075 1017 militum
1096 955 1225 1034 animoa,
1261 975 1318 1037 per
1341 956 1472 1033 vallum,

423 1065 477 1128 per
510 1044 608 1107 fossas
638 1045 827 1126 inruperunt.
870 1040 980 1104 Castra
1015 1053 1109 1124 capta
1125 1035 1130 1041 ’
1149 1041 1356 1126 direptaque:
1388 1065 1471 1126 pra:-

424 1131 464 1194 da
496 1131 603 1214 ingens
632 1141 720 1213 parta
749 1140 781 1192 et
812 1128 903 1190 militi
937 1148 1081 1191 concessa
1115 1139 1173 1190 est.
1192 1135 1331 1213 'septem
1369 1130 1472 1191 millia

423 1239 461 1280 ac
496 1216 623 1281 trecenti
657 1216 792 1281 bostium
814 1214 917 1294 occisi,
948 1214 1010 1277 duo
1033 1213 1129 1279 millia
1149 1224 1182 1276 et
1204 1231 1328 1279 ceumm
1353 1217 1469 1298 viginti

423 1315 539 1452 alib.
560 1389 643 1452 Dum
681 1391 771 1452 ambo
803 1354 941 1452 cbbsrrles
982 1389 1141 1472 omnisque
1172 1385 1320 1453 ‘Romana
1357 1391 1406 1452 vis
1440 1391 1472 1452 in

424 1476 587 1541 Etruscum
609 1476 722 1540 bellum
745 1476 843 1557 magis
867 1476 1003 1555 inclinat,
1027 1476 1060 1537 in
1075 1473 1202 1539 Samnio
1216 1478 1286 1539 nori
1301 1477 1473 1556 exercitus,

424 1565 523 1627 exorti
549 1563 591 1626 ad
605 1562 838 1647 depopulandos
865 1564 984 1646 imperii
997 1560 1129 1626 Romani
1143 1563 1230 1642 fines,
1243 1585 1298 1648 per
1311 1563 1472 1626 Vescinos

423 1651 456 1712 in
471 1649 673 1731 Campaniam
692 1648 914 1731 Falernumque
933 1670 1040 1732 agrum
1065 1651 1292 1729 transcendunt,
1306 1653 1473 1734 ingentes-

258 1765 394 1814 votauota
422 1757 480 1820 que
495 1735 611 1818 predas
624 1734 750 1798 iaciunt.
779 1732 989 1813 Volumnium,
1003 1736 1123 1818 magnis
1141 1737 1295 1800 itineribus
1322 1740 1356 1800 in
1372 1736 1474 1799 Sam.

258 1897 328 1948 redit.

258 1834 283 1880 in
294 1831 411 1880 &nuum
422 1823 507 1884 nium
533 1821 723 1898 redeuntem,
740 1819 816 1902 (jam
837 1822 919 1884 enim
934 1819 1030 1884 Fabio
1053 1819 1212 1907 Decioque
1226 1825 1375 1907 prorogati
1402 1824 1476 1886 im-

424 1909 500 1992 perii
521 1907 591 1970 bnis
606 1907 722 1988 aderat)
746 1906 831 1969 fama
852 1908 891 1971 de
908 1905 1091 1970 Samnitium
1105 1910 1243 1972 exercitu
1254 1911 1476 1994 populationi-

425 1999 540 2078 busque
554 1993 703 2076 Campani
723 1994 787 2075 agri
818 1994 859 2058 ad
883 1994 1013 2056 tuendos
1037 1996 1136 2057 socios
1160 1998 1316 2058 convertit.
1356 1995 1413 2058 Ut
1438 1997 1475 2056 in

426 2082 575 2144 Calenum
590 2101 697 2162 agrum
711 2081 805 2157 venit,
816 2091 848 2142 et
870 2081 933 2163 ipse
956 2081 1054 2143 cernit
1068 2083 1203 2145 recentia
1217 2083 1312 2144 cladis
1323 2083 1474 2164 vetigia,

426 2182 459 2232 et
480 2167 586 2246 Caleni
606 2177 742 2245 nunant:
767 2178 888 2228 tantum
898 2166 965 2249 jam
979 2168 1087 2251 prada
1099 2169 1203 2230 hostes
1216 2170 1350 2248 trahere,
1369 2183 1410 2231 ut
1423 2169 1478 2230 aix

427 2255 700 2338 explicareagmen
721 2253 879 2336 possiam:
898 2253 1007 2335 itaque
1016 2253 1082 2336 jam
1091 2255 1249 2339 propalam
1264 2255 1361 2318 duces
1376 2255 1474 2337 loqui,

428 2341 583 2424 extemplo
597 2340 729 2402 eundum
751 2340 783 2401 in
805 2337 964 2402 Samnium
978 2361 1064 2418 esee:
1091 2353 1138 2419 ut,
1166 2342 1273 2404 relicta
1296 2343 1341 2404 ibi
1359 2343 1475 2424 praeda,

428 2429 461 2490 in
476 2426 699 2510 expeditionem
721 2426 859 2504 redeant,
879 2448 936 2488 nec
949 2438 1013 2489 tam
1036 2440 1194 2490 oneratum
1208 2449 1321 2511 agmen
1341 2429 1474 2490 dimica·

430 2515 508 2576 tioui
520 2514 725 2576 committant.
748 2511 805 2592 Ea,
819 2533 1003 2596 quamquam
1024 2514 1137 2576 similia
1150 2515 1227 2577 veris
1242 2527 1344 2592 eraut,
1361 2516 1474 2577 certitu

427 2614 532 2663 tamen
557 2599 745 2683 exploranda
758 2611 852 2678 ratus,
877 2599 1006 2662 dimittit
1028 2602 1155 2681 equites,
1177 2602 1228 2682 qui
1243 2623 1340 2684 vagos
1355 2604 1473 2685 praeda·

427 2699 508 2748 tores
545 2688 576 2747 in
614 2706 702 2767 agros
732 2686 871 2768 palantes
892 2686 1070 2768 excipiant:
1093 2708 1133 2748 ex
1154 2689 1263 2768 quibus
1286 2689 1473 2773 inquirendo

426 2772 594 2853 cognoscit,
616 2772 656 2831 ad
671 2766 852 2831 Vulturnum
876 2770 986 2832 flumen
1001 2771 1105 2834 sedere
1118 2774 1239 2835 hostem
1247 2796 1260 2851 3
1291 2775 1372 2837 inde
1388 2777 1474 2837 tertia

324 2887 363 2936 int
426 2857 531 2939 vigilia
544 2866 717 2919 moturum:
733 2856 792 2917 iter
810 2855 843 2917 in
854 2854 1012 2942 Samnium
1035 2878 1112 2920 esee.
1134 2857 1192 2919 His
1210 2859 1286 2921 satis
1301 2862 1475 2943 exploratis

292 2955 337 3001 mn·
350 2968 375 2999 e·
419 2942 592 3028 profectus,
612 2954 700 3005 tanto
725 2942 883 3005 intervallo
909 2944 949 3004 ab
964 2942 1100 3006 hostibus
1112 2944 1261 3022 consedit,
1284 2958 1323 3008 ut
1337 2969 1403 3009 nec
1421 2949 1473 3009 ad-

366 3084 372 3095 .
421 3042 535 3094 ‚ventus
557 3050 627 3092 suus
649 3028 877 3113 propinquitate
897 3028 993 3091 nimia
1017 3031 1103 3093 nosci
1116 3046 1231 3113 posset,
1253 3044 1287 3094 et
1310 3034 1473 3115 egredien-

396 3115 403 3131 '
430 3131 493 3182 tem
508 3138 526 3179 e
541 3116 648 3180 castris
663 3116 782 3179 hostem
804 3116 997 3198 obprimeret.
1038 3115 1204 3199 Aliquanto
1221 3130 1293 3181 ante
1313 3119 1422 3183 lucem
1438 3122 1476 3182 ad

430 3217 533 3268 castra
561 3204 709 3282 accessit:
732 3222 903 3285 gnarosque
922 3202 1010 3265 Osca
1039 3202 1158 3285 lingue,
1177 3204 1373 3287 exploratum
1402 3208 1477 3288 quid

431 3304 549 3376 egomt,
585 3290 689 3353 mittit.
722 3287 893 3351 Intermixti
924 3287 1062 3351 hostibus
1102 3288 1198 3371 (quod
1227 3291 1317 3353 tacite
1343 3308 1418 3355 erat
1445 3296 1478 3355 in

421 3390 582 3443 nocturna
616 3374 833 3459 trepidatione)
872 3386 1071 3457 cognoscunt,
1107 3376 1310 3460 infrequentia
1343 3381 1479 3442 armatis

431 3467 520 3547 signa
548 3484 679 3545 egressa,
713 3462 846 3544 predam
868 3462 1031 3545 predaque
1052 3462 1192 3525 custodes
1213 3464 1307 3544 exire,
1336 3462 1481 3547 ignobile

432 3571 553 3635 agmen,
569 3560 602 3611 et
623 3570 679 3611 sua
703 3568 854 3631 quemque
869 3548 1057 3627 molientem,
1080 3549 1195 3611 ⁷⁷nullo
1210 3550 1288 3613 iuter
1303 3550 1385 3615 alios
1399 3573 1481 3614 con·

431 3658 532 3715 sensu,
546 3656 605 3699 nec
627 3635 700 3697 satis
716 3644 802 3697 certo
826 3634 961 3717 imperio.
1003 3632 1138 3718 Tempus
1160 3636 1359 3717 adgrediendi
1374 3639 1481 3721 aptis-

431 3724 543 3787 simum
558 3722 654 3784 visum
669 3731 736 3783 est:
760 3730 792 3783 et
811 3718 878 3802 jam
894 3720 946 3783 lux
961 3719 1136 3803 adpetebat.
1156 3722 1259 3803 itaque
1273 3724 1364 3804 signa
1378 3745 1481 3786 carre-

433 3810 584 3894 rejussit3
607 3827 776 3889 agmenque
799 3807 934 3869 hostium
963 3805 1148 3889 adgreditur.
1188 3806 1353 3889 Samnitem,
1370 3812 1485 3893 praeda

433 3896 574 3982 inpediti,
588 3894 791 3977 infrequentes
818 3894 937 3973 armati,
960 3914 1029 3975 pars
1053 3894 1327 3976 adderegradum,
1352 3918 1395 3958 ac
1418 3918 1486 3979 prae

433 4005 467 4047 ae
483 4003 571 4065 agere
593 3981 735 4065 predam,
755 4000 825 4063 pars
839 3990 930 4059 stare,
956 3980 1064 4042 incerti
1079 3991 1179 4043 utrum
1194 3980 1345 4064 progredi,
1367 4004 1416 4045 an
1431 4006 1486 4045 re-

434 4070 519 4152 gredi
543 4069 574 4131 in
596 4078 698 4131 castra
719 4067 814 4131 tutius
835 4067 924 4146 foret,
950 4066 1030 4131 iuter
1054 4068 1280 4130 cametationem
1294 4068 1488 4153 obprimun-

738 4246 751 4281 η
768 4236 1140 4301 αρὶἱεπίωμὶιῦιω.οην.
1234 4220 1242 4229 “

465 4372 673 4442 summm]
692 4342 878 4429 Samniticum}
918 4398 922 4404 ’
972 4390 1020 4429 ant.
1052 4377 1258 4444 Optarcnmr'ater
1273 4393 1303 4438 re,
1320 4376 1360 4428 rel
1373 4382 1493 4446 interip-

465 4438 488 4476 77
504 4438 576 4488 Nullo
597 4445 656 4491 luter
676 4444 730 4491 ullor
749 4444 862 4507 muru]
883 4442 940 4493 Non
972 4460 1011 4495 ιω.

433 4502 535 4555 ridemur
557 4510 670 4567 quomodo
692 4506 743 4559 hec
765 4510 862 4571 intelligi
883 4523 960 4572 qus.
1080 4564 1084 4571 ,
1124 4564 1129 4571 ,
