3175 5200
547 372 624 435 tut
639 372 675 434 V.
695 372 777 433 cte.
788 368 830 432 X.
1006 407 1010 411 Α
1162 380 1219 434 801

180 526 238 590 nisi
264 526 296 589 in
320 523 500 589 auctoritate
524 534 646 587 senatus
681 534 793 601 essent,
821 520 906 583 sein
929 521 1049 585 vincula
1074 542 1127 585 eos
1149 523 1220 585 duci
1233 530 1266 581 U.
1279 528 1372 581 casa:

176 612 313 695 jussuros
340 633 414 675 esse.
457 608 538 673 'l'urn
561 609 598 673 C.
625 607 768 671 Servilius
783 608 885 671 Ahala
910 610 1047 672 tribunus
1070 595 1370 672 militum:A·⁰·³⁹⁹·

181 702 192 733 ⁴
208 700 300 772 Quod
311 699 350 762 ad
360 720 413 761 vos
422 697 550 776 adtinet,
562 697 674 759 tribuni
685 696 793 778 plebis,
807 696 965 775 minasque
974 707 1099 775 vestras,
1108 717 1154 759 nte
1162 718 1222 779 ego

181 786 337 849 ‘libenter
348 783 510 867 experirer,
519 803 680 865 quamnon
690 784 758 864 plus
775 780 991 862 ²⁸iuhisjuris,
1002 802 1093 863 quarn
1103 784 1223 845 invobis

183 872 194 905 ‘
210 872 315 950 animi,
327 881 416 933 esset
446 868 508 932 Sed
530 869 616 932 nefas
632 882 680 931 est
700 868 825 930 tendere
852 867 994 929 adversus
1013 870 1223 931 auctoritatem

183 959 342 1021 ‘senatus'
351 957 480 1039 proinde
492 967 524 1018 et
533 977 587 1018 vos
598 955 728 1018 desinite
743 954 823 1017 inter
832 965 938 1016 nostra
947 954 1116 1015 certamina
1123 954 1224 1016 locum

184 1044 196 1077 ‘
211 1044 325 1126 injuriae
338 1063 481 1124 querere:
506 1052 539 1103 et
549 1042 674 1123 collegae
684 1051 738 1103 aut
747 1041 872 1117 facient,
883 1040 966 1122 quod
975 1051 1081 1103 censet
1092 1052 1224 1118 senatu,

183 1130 194 1163 ‘
210 1141 273 1209 aut,
284 1132 309 1191 si
326 1130 510 1212 pertinacius
524 1128 661 1205 tendent,
674 1127 856 1189 dictatorem
878 1127 1035 1209 extemplo
1050 1127 1161 1204 dicam,
1174 1127 1225 1207 qui

184 1214 262 1279 ‘eos
278 1215 360 1277 abire
375 1215 555 1296 magistratu
570 1212 681 1295 cogat!
719 1212 820 1281 Quum
841 1213 979 1274 omnium
995 1213 1125 1274 adsensu
1139 1233 1225 1275 com·

185 1303 316 1384 probata
325 1301 424 1363 oratio
439 1310 529 1377 esset,
539 1300 764 1381 gauderentque
780 1297 894 1377 Patres,
912 1300 978 1360 sine
988 1299 1156 1361 tribuniciae
1170 1318 1226 1381 po-

186 1388 305 1450 testatis
317 1387 465 1449 terriculis
487 1386 641 1447 inventam
658 1406 723 1446 esse
739 1384 830 1446 aliam
845 1385 906 1445 vim
921 1383 1068 1465 majorem
1084 1386 1124 1446 ad
1139 1394 1226 1446 coer-

188 1473 302 1539 cendos
319 1473 512 1555 magistratus
523 1494 533 1549 ;
556 1472 629 1535 victi
641 1492 790 1535 consensu
801 1472 936 1532 omnium
948 1471 1075 1533 comitia
1088 1471 1226 1532 tribuno-

189 1580 255 1621 mm
271 1559 403 1621 militurn
409 1559 552 1636 habuere,
564 1558 615 1638 qui
627 1556 773 1618 Kalendis
785 1556 971 1618 Octobribus
980 1568 995 1596 ¹
1015 1557 1226 1639 magistratum
1255 1626 1258 1631 ,

189 1646 379 1727 acciperent:
389 1664 483 1725 seque
499 1656 571 1705 ante
582 1646 650 1705 earn
672 1643 780 1705 ydiem
788 1642 966 1723 magistratu
975 1643 1161 1706 abdicavere.

231 1730 272 1793 X.
296 1730 331 1792 b.
346 1728 469 1791 Valerio
491 1728 591 1791 Potito
621 1738 772 1811 quartum,
786 1733 813 1769 ²⁹
829 1726 876 1790 M.
895 1727 985 1791 Furio
1011 1727 1140 1791 Camillo
1166 1730 1226 1791 ite·
1239 1728 1272 1776 V·
1281 1727 1311 1776 0·
1319 1730 1377 1778 ³⁵⁴·

189 1836 255 1879 mur
267 1827 289 1895 ¹,
309 1814 368 1878 Μ’.
381 1814 511 1878 AEmilio
526 1813 717 1877 Mamercino
733 1816 870 1893 tertium,
893 1814 951 1878 Cn.
971 1813 1113 1877 Cornelio
1129 1814 1226 1878 Cosso
1239 1792 1377 1907 &3³22

189 1904 310 1981 rerum,
333 1901 374 1965 n.
389 1900 484 1964 Fabio
506 1901 668 1978 umento,
694 1900 728 1962 u.
753 1900 838 1963 runo
856 1901 1081 1979 Ju10,nnunn
1096 1902 1226 1968 mirram
1240 1874 1386 1973 nsi‘if.

191 1989 340 2053 cumulari
352 1999 516 2070 potestate,
530 1987 720 2050 multadomi
735 1988 910 2069 militiaque
925 1998 1022 2069 gesta.
1036 2010 1108 2050 nam
1120 2001 1152 2050 et
1163 1988 1228 2049 bel-
1239 1989 1294 2038 Mu.

191 2076 252 2139 lum
269 2074 428 2156 multiplex
451 2074 510 2136 fuit
529 2074 637 2136 eodem
663 2084 813 2155 ternpore,
832 2078 859 2114 ⁸⁰
875 2075 934 2136 ad·
947 2072 1052 2153 Veios,
1067 2074 1153 2136 etad
1168 2072 1229 2134 Co-

191 2182 314 2244 penam,
339 2171 371 2223 et
390 2161 430 2222 ad
448 2159 592 2238 Falerios,
619 2170 651 2222 et
675 2160 706 2221 in
728 2156 858 2239 Volscis,
873 2173 908 2222 ut
921 2159 1029 2223 Anxur
1042 2162 1080 2222 ab
1094 2160 1230 2222 hostibus

193 2256 439 2329 recuperaretur:
463 2258 496 2308 et
519 2246 625 2309 Rome
648 2244 736 2307 simul
758 2246 890 2325 delectu,
916 2248 1005 2321 simul
1028 2248 1143 2309 tributo
1157 2266 1232 2307 con·

193 2332 330 2411 ferendo,
345 2334 516 2399 laboratum
544 2345 609 2395 est:
641 2344 673 2394 et
702 2332 741 2393 de
761 2334 890 2395 tribunis
908 2333 1032 2415 plebeib
1051 2333 1232 2416 cooptandis

160 2486 165 2505 Ι
194 2420 353 2482 contentio
373 2419 447 2481 fuit:
471 2432 503 2481 et
525 2419 606 2480 haud
626 2438 749 2499 parvum
771 2431 888 2481 motum
904 2419 966 2480 duo
975 2420 1095 2502 judicia
1116 2439 1232 2497 eorum,

195 2505 247 2586 qui
261 2506 363 2588 paullo
372 2516 451 2567 ente
463 2508 487 2543 ³¹
506 2504 655 2566 consulari
668 2515 819 2585 potestate
828 2506 958 2582 fuerant,
975 2506 1123 2567 excivere.
1154 2504 1232 2565 Om-

194 2592 277 2653 nium
298 2592 428 2673 primum
444 2591 571 2653 tribunis
598 2589 728 2651 militum
758 2590 827 2668 fuit,
853 2590 1004 2652 delectum
1019 2590 1146 2668 haberi:
1174 2611 1231 2651 nec

190 2675 326 2758 juniores
341 2677 444 2738 modo·
458 2677 631 2756 conscripti,
656 2675 711 2736 sed
726 2677 860 2737 seniores
883 2677 975 2737 etiarn
992 2676 1091 2737 coacti
1107 2677 1232 2737 nomina

196 2763 278 2840 dare,
308 2773 343 2824 ut
368 2762 449 2822 urbis
477 2762 647 2824 custodiam
673 2774 808 2842 agerent.
845 2760 1000 2830 Quannnn
1020 2771 1122 2823 sutem
1137 2764 1365 2844 auge-'tributum

195 2849 283 2910 batur
305 2849 435 2910 militum
465 2868 616 2924 numenn,
639 2857 726 2908 tanto
752 2845 867 2927 majore
897 2849 1027 2930 pecunie
1053 2849 1085 2908 in
1114 2848 1366 2932 aspen-'Vm‘

196 2936 280 2996 dium
295 2955 371 3017 opus
395 2945 480 2995 erat:
503 2954 598 3013 eaque
620 2932 735 2994 tributo
749 2932 973 3018 conferebatur,
999 2935 1100 2998 inritis
1126 2909 1323 2997 confestam

199 3019 344 3097 rentibus,
360 3020 411 3100 qui
427 3019 510 3081 domi
536 3019 743 3095 remanebant,
759 3018 832 3098 quia
850 3021 1006 3080 tuentibus
1021 3021 1126 3082 urbem
1141 3041 1236 3102 opera

198 3124 316 3186 quoque
336 3105 459 3166 militari
481 3101 691 3179 laborandum,
714 3103 962 3184 serviendumque
977 3105 1147 3186 reipublice
1161 3118 1236 3167 erat.
1271 3151 1280 3164 e

198 3187 274 3250 Haec
289 3209 344 3271 per
368 3210 400 3250 se
423 3188 536 3269 gravia,
560 3187 732 3268 indigniora
755 3199 790 3249 ut
803 3189 986 3266 viderentur,
1016 3190 1127 3250 tribuni
1143 3191 1239 3271 plebis

199 3275 350 3337 seditiosis
375 3274 571 3336 concionibus
592 3273 761 3349 faciebant3
783 3273 870 3334 ‘ideo
886 3295 947 3335 :era
960 3274 1105 3336 militibus
1123 3278 1239 3338 consti-

200 3363 210 3394 ‘
226 3372 294 3424 tuto
305 3357 379 3422 esse'
392 3359 559 3441 arguendo,
569 3358 579 3390 ‘
591 3367 625 3419 ut
635 3357 733 3439 plebis
742 3371 862 3440 partem
872 3361 992 3438 militia,
1001 3372 1119 3444 partem
1124 3363 1239 3425 tributo

200 3447 211 3482 ‘
227 3446 420 3509 conficerent.
437 3443 542 3508 Unum
552 3443 666 3506 bellum
673 3447 700 3484 ³²
706 3463 819 3506 armum
824 3443 891 3527 jam
897 3448 1019 3509 tertium
1025 3448 1115 3527 trahi,
1125 3459 1157 3511 et
1165 3467 1240 3511 con-

264 3561 278 3588 ¹
291 3553 390 3604 Octobri:
399 3554 468 3604 Cres.
550 3561 619 3601 tm
629 3561 681 3601 onte
691 3552 765 3604 Gron.
773 3555 841 3604 cres.
938 3559 1036 3606 *tunm
1045 3557 1091 3607 del.
1102 3557 1176 3609 Gron.

459 3617 626 3676 *nadGron
830 3619 983 3683 tyrorum.

233 3720 256 3755 Ἀ
273 3717 356 3783 latta]
372 3721 400 3769 ln
412 3720 578 3770 minisrestrir.
738 3720 805 3768 verbs
816 3719 852 3770 vel
862 3721 929 3785 adde,
948 3722 985 3771 rel
1001 3721 1081 3787 :opple
1099 3725 1184 3771 tribuni
1199 3725 1242 3770 rri-

231 3786 253 3821 29
270 3783 307 3832 M.
322 3783 391 3848 list-lo
408 3781 602 3849 Cumilbr'temm]
618 3783 706 3832 Vocem
738 3786 811 3835 unm.
926 3796 933 3808 ⁸

201 3851 441 3914 itencnreposuimus,
461 3865 528 3914 quam
540 3841 645 3910 Sigonius
655 3863 706 3912 per·
770 3851 793 3884 ³⁹
819 3850 910 3900 dumam
921 3854 974 3912 jorn
994 3851 1096 3915 mitur]
1127 3850 1243 3905 Quartum

201 3929 279 3978 peram
311 3927 460 3980 expunxerat.
505 3913 615 3963 Quamvis
644 3916 706 3962 enim
734 3917 783 3978 jam
805 3931 891 3964 annum
918 3917 1007 3965 Veiens
1033 3917 1119 3964 bellum
1140 3917 1243 3964 durabat.

203 3995 249 4028 nort
261 3983 335 4028 exrei
351 3982 458 4040 veritate,
477 3989 500 4028 rt
519 3992 583 4030 certe
602 3995 631 4028 en
651 3979 709 4027 h'vtt
741 3979 829 4029 Vemm
841 3983 880 4030 bic
890 3982 1026 4030 numerandi
1036 3983 1127 4030 initium
1145 3982 1243 4030 sumitur

201 4045 327 4109 sententis,
354 4047 465 4096 Camillus
486 4047 627 4094 tribunatum
649 4044 709 4092 mili·
741 4046 1160 4110 sbeoannqquobibernaculzcirc:
1170 4047 1244 4093 Veios

202 4121 254 4159 tum
272 4113 340 4172 gessit
354 4127 410 4160 cum
428 4127 516 4174 septem
535 4110 626 4172 collegis
647 4125 707 4157 anno
739 4112 936 4176 edificaricoepta.
969 4110 1039 4165 Quod
1058 4112 1148 4174 quidem
1159 4110 1243 4158 mirum

203 4176 417 4227 rutehunctcrtio.
450 4177 502 4224 Vid.
514 4175 707 4224 Perizondnim.
738 4177 811 4225 videri
827 4190 911 4240 potest,
929 4193 1001 4239 quum
1022 4178 1118 4239 tribuni,
1134 4192 1190 4239 quos
1207 4176 1243 4222 lo·

204 4241 269 4290 llirt.
281 4258 301 4290 c.
313 4244 337 4290 2.
465 4253 468 4266 ¹
740 4255 836 4303 quentes
846 4243 903 4291 facit
913 4243 1002 4299 livius,
1015 4258 1098 4304 angere
1115 4243 1191 4306 potius
1207 4240 1242 4286 di-

235 4305 259 4338 ³⁰
274 4306 311 4353 Aa
324 4305 395 4369 Veios]
413 4306 533 4356 Malebuc
545 4307 647 4371 quaedem
659 4305 707 4352 cdi-
739 4309 812 4355 cendo
828 4322 887 4364 rem,
905 4324 971 4370 quum
991 4307 1095 4356 minuere
1114 4305 1243 4355 debuerint.

204 4367 278 4419 dones
290 4373 427 4421 intruserant
437 4383 459 4422 et
469 4385 522 4421 ante
532 4371 615 4421 clad:
632 4369 708 4418 inritis
739 4370 795 4418 Non
806 4387 860 4433 ergo
869 4373 920 4422 siue
931 4388 997 4420 ctus:
1011 4371 1137 4423 Glareanus
1153 4371 1243 4420 volebat

200 4433 276 4482 MSS.
310 4435 398 4499 erisque
410 4450 433 4487 et
444 4449 501 4487 vett.
512 4437 588 4487 editis.
739 4435 1058 4502 legionnumjasrquintun.

238 4498 259 4533 ’¹
312 4499 427 4552 Cumtlorr'
441 4501 556 4566 potatum]
577 4498 709 4584 Antehac
