3175 5200
378 376 438 441 tre
745 368 753 381 ’
796 364 882 430 ml
900 361 1002 430 ΙΜ
1082 364 1092 386 ’

213 550 357 607 mam.
378 532 412 597 in
434 522 754 617 urbeinj'mrigiatratu
777 520 1065 611 abiret‘irquua'
1084 516 1170 591 sicut
1188 536 1261 592 ante
1280 529 1421 607 consulis,

213 622 246 673 Α·
257 620 287 672 0·
297 618 354 682 ⁴⁰3·
379 616 530 707 promissa
542 617 606 701 ejus
621 616 774 694 caderent,
789 615 955 701 perpulere,
970 628 1005 679 ut
1019 615 1097 679 sorte
1109 627 1222 679 temere
1236 616 1268 677 in
1283 615 1423 679 adversos

215 732 288 801 aqu
297 734 361 787 m,
380 720 501 773 montes
515 724 624 789 agmen
638 701 776 786 erigeret.
803 700 840 765 ld
854 703 934 789 male
947 704 1142 765 commissum
1153 703 1275 785 ignavia
1288 703 1422 764 hostium

381 795 414 859 in
430 796 543 859 bonum
557 790 666 853 vertit:
687 788 751 873 qui,
766 790 941 873 priusquam
955 789 996 852 ad
1008 788 1182 871 conjectum
1197 789 1249 853 teli
1264 790 1425 868 veniretur,

336 898 341 909 ·
359 900 373 913 ”
383 878 586 964 obstupefacti
601 874 730 939 audacia
745 874 964 956 Romanorum,
984 876 1099 940 relictis
1113 878 1230 956 eastris,
1244 895 1311 958 qua
1325 877 1425 938 muni-

332 988 333 993 *
371 964 507 1032 ‘tiisimis
521 975 684 1027 tenuerant
698 963 784 1043 loeis,
796 964 828 1025 in
841 967 866 1012 ⁷¹
883 963 1023 1026 adversas
1037 964 1130 1026 valles
1145 963 1310 1027 desiluere:
1331 966 1359 1011 7¹
1373 963 1426 1025 ubi

382 1047 588 1136 satispmdre,
610 1047 784 1116 striaturis
798 1050 957 1114 incruenta
971 1050 1038 1113 lirit.
1074 1046 1124 1114 Ita
1137 1051 1284 1113 trifariam
1299 1072 1332 1112 re
1346 1050 1428 1112 bello

213 1152 358 1209 mine-⁴
382 1140 461 1203 bene
474 1134 573 1221 gesta,
592 1136 632 1201 rie
655 1136 892 1202 domesticamm
906 1157 1007 1199 rerum
1021 1150 1132 1201 eventu
1145 1158 1202 1200 nec
1216 1135 1356 1201 Patribus
1368 1157 1428 1199 nee

212 1224 321 1275 “¹³⁰⁸-
383 1226 465 1311 plebi
480 1225 748 1289 eura‘decesaerat.
765 1234 855 1288 tanta
868 1242 961 1307 quum
975 1221 1085 1306 gratia,
1107 1235 1174 1285 tum
1198 1236 1263 1287 arte
1277 1244 1428 1308 prepara·

382 1324 490 1377 veram
503 1309 711 1390 metatores,
726 1332 791 1395 que
805 1332 868 1375 non
882 1310 976 1373 modo
989 1310 1121 1392 plebem,
1144 1310 1199 1371 sed
1212 1311 1310 1392 ipsum
1333 1310 1428 1371 edam

383 1400 566 1466 dictatorem
591 1399 817 1463 frustrarentur.
871 1396 1013 1476 Namque
1038 1391 1187 1472 Valerius,
1216 1407 1286 1478 post
1310 1393 1428 1458 Vetusii

384 1486 515 1551 aemulis
530 1486 672 1567 reditum,
687 1486 825 1550 omnium
844 1484 872 1530 ⁷⁸
887 1482 1044 1545 actionum
1057 1480 1090 1542 in
1106 1493 1214 1544 senatu
1228 1484 1356 1565 primam
1372 1483 1428 1543 ba-

383 1574 451 1638 buit
465 1595 521 1658 pro
534 1574 651 1636 victore
665 1570 792 1669 populo,
803 1567 980 1649 retulitque,
999 1566 1093 1649 quid¹
1105 1568 1193 1679 nexis
1205 1568 1271 1669 lieri
1285 1570 1428 1652 placeret.

383 1657 937 1829 aestumatum.
950 1649 1429 1825 lisuncensis

384 1831 470 1895 ‘mei
484 1830 597 1895 sirniies
608 1828 754 1893 noram
767 1826 872 1911 plebea
885 1840 1029 1911 patronos
1044 1828 1166 1891 habeat.
1208 1827 1299 1899 Quod
1322 1829 1429 1891 adme

383 1918 540 1996 ‘'adunet,
554 1934 651 1999 neque
665 1915 833 1989 fruatmbor
847 1914 928 1977 oltra
941 1914 1021 1977 cives
1031 1934 1127 1995 meos,
1135 1934 1233 1997 neque
1243 1916 1309 1998 ipse
1318 1916 1430 1978 friutra

384 2005 396 2041 ⁶
410 2005 543 2069 dictator
558 2024 620 2067 ero.
663 2000 831 2065 Discordia
844 2000 1006 2077 intestine,
1021 2002 1132 2063 bellum
1146 2014 1305 2065 externum
1319 2003 1429 2081 iecere,

385 2091 446 2157 ‘nt
466 2091 525 2155 hoc
550 2089 730 2171 magistratu
754 2100 857 2171 egeret
880 2087 1059 2171 respublica.
1102 2086 1167 2151 Pax
1182 2089 1254 2151 foris
1268 2102 1429 2173 parta‘est,

385 2178 495 2241 ‘'domi
510 2178 673 2262 inpeditur.
687 2176 822 2261 privabis
836 2175 949 2257 potius,
964 2195 1055 2257 quam
1070 2174 1211 2253 dictetur,
1223 2176 1365 2238 seditioni
1380 2177 1430 2239 in·

384 2264 397 2315 ⁵
411 2262 532 2329 terem!
548 2265 608 2344 its,
623 2264 706 2331 curia
719 2267 869 2347 egressus,
880 2261 1034 2324 dictatura
1047 2282 1079 2324 se
1094 2262 1253 2325 abdicavit.
1279 2262 1432 2345 Adparuit

385 2368 493 2415 mussa
509 2350 614 2434 plebi,
643 2370 729 2413 suam
755 2350 852 2411 vicem
878 2347 1088 2429 indignantem
1113 2349 1294 2430 magistratu
1323 2350 1431 2412 abisse.

268 2514 271 2521 ⁴
385 2440 501 2521 itaque,
524 2436 605 2500 velut
628 2436 782 2520 persoluta
806 2436 878 2513 fide,
901 2435 1045 2517 quoniam
1064 2456 1208 2519 pereum
1222 2456 1284 2499 non
1297 2437 1431 2499 stetisset

386 2525 458 2606 quin
473 2532 676 2608 prestaretur,
690 2521 890 2586 decedentem
905 2521 1030 2587 domum
1044 2542 1113 2585 cum
1127 2522 1229 2586 lavore
1242 2544 1278 2587 aa
1293 2522 1430 2587 laudibus

384 2621 700 2762 meeiiilililiuxiimor
724 2695 795 2758 inde
820 2694 925 2761 Patres
948 2700 977 2746 ⁷⁸
993 2697 1141 2779 incessit,
1159 2719 1209 2779 ne,
1242 2701 1266 2763 si
1292 2699 1430 2763 dimissus

385 2784 536 2848 exercitus
562 2784 652 2863 foret,
674 2803 773 2846 rursus
799 2797 896 2847 coetus
925 2787 1038 2850 occulti
1062 2785 1345 2870 conjurationesque
1376 2786 1431 2849 fie-

384 2883 468 2934 rent.
494 2871 607 2954 itaque,
622 2875 825 2954 'quamquam
854 2892 910 2954 per
939 2871 1120 2936 dictaturam
1150 2874 1284 2938 delectus
1310 2875 1430 2937 habitus

384 2969 475 3036 esset,
497 2969 612 3036 umen,
635 2957 781 3039 quoniam
795 2959 828 3020 in
851 2960 1009 3022 consulum
1031 2961 1124 3024 verba
1140 2959 1302 3043 jurassent,
1328 2982 1430 3023 sacra-

384 3057 490 3108 mento
505 3044 601 3108 teneri
624 3043 754 3106 militem
781 3044 851 3122 rati,
875 3066 929 3129 per
953 3065 1092 3110 canaam
1119 3049 1254 3112 renovati
1269 3049 1307 3110 ab
1321 3045 1430 3129 Equis

383 3130 455 3193 belli
470 3131 559 3195 educi
575 3149 614 3192 ex
627 3131 703 3194 urbe
718 3130 854 3213 legiones
875 3131 1001 3216 jussere.
1024 3155 1085 3216 quo
1108 3135 1191 3198 facto
1211 3147 1364 3198 maturata
1385 3147 1432 3198 est

383 3217 504 3281 seditio.
547 3215 590 3280 Et
614 3217 715 3301 primo
740 3218 893 3298 agitatum
918 3219 1030 3283 dieitur
1051 3220 1091 3283 de
1112 3223 1270 3284 consulum
1285 3223 1377 3303 cade,
1397 3233 1433 3286 ut

383 3303 570 3367 solverentur
585 3313 801 3366 sacramentor
825 3303 933 3369 doctos
948 3305 1068 3386 deinde,
1093 3309 1206 3370 nullam
1230 3310 1343 3373 scelere
1363 3309 1432 3371 reli-

384 3389 507 3470 gionem
528 3387 653 3466 exsolvi,
677 3385 794 3454 Sicinio
816 3391 950 3472 quodam
972 3407 1107 3474 auctore,
1132 3394 1247 3477 injussu
1274 3397 1432 3460 consulum

421 3521 493 3574 isid.
504 3526 531 3573 de
541 3523 615 3574 Gran.
626 3521 696 3575 Cret.
862 3532 881 3559 ¹
891 3525 1057 3592 Mediatfidiut
1067 3527 1142 3580 Groo.
1168 3530 1252 3578 madius
1269 3527 1349 3580 rna
1365 3529 1433 3581 Crer.

383 3603 419 3640 aa
429 3586 489 3638 Dim
496 3587 576 3638 Fidius
584 3589 658 3641 noer.

394 3773 398 3780 .
418 3727 442 3768 ⁷¹
458 3725 576 3794 m]
602 3729 821 3793 &emmim
830 3747 895 3782 asar-
959 3732 981 3772 ⁷⁴
998 3730 1088 3784 Medias
1097 3731 1186 3796 Fidius]
1205 3733 1312 3785 formula
1326 3737 1433 3800 jumella

384 3810 428 3846 tat.
927 3798 959 3846 ita
969 3797 1076 3863 ujuvet
1087 3801 1138 3848 diat
1148 3798 1233 3850 Fidius
1266 3801 1355 3851 Mem
1365 3817 1436 3852 uam

418 3860 444 3900 ἸΙ
462 3857 518 3925 Ubi]
532 3861 623 3912 Merito
633 3859 806 3913 obmct'ian.
823 3861 897 3914 rste
928 3861 1003 3914 Plaut.
1019 3864 1086 3914 Asin
1100 3867 1155 3916 Aet.
1166 3879 1182 3915 ι.
1202 3865 1240 3916 Sc.
1257 3880 1276 3918 ι.
1309 3865 1356 3916 Per
1369 3870 1435 3917 &aar

385 3925 425 3976 hic
434 3926 508 3976 rideri
518 3925 641 3990 legencium
651 3929 691 3976 ibi.
931 3927 1033 3979 Fidian.
1068 3929 1126 3980 Diuo
1145 3943 1190 3990 ert,
1213 3932 1284 3981 Festo
1303 3932 1439 3998 interprete.

417 3992 441 4030 ’Β
458 3989 474 4022 ⁰
489 3991 618 4060 Atticm]
639 3994 694 4044 Hos
710 3992 805 4042 comice
821 3992 895 4054 desig·
931 3994 1196 4060 altmaniam
1227 3995 1316 4056 Fidias,
1331 4000 1437 4063 quitidei

386 4067 456 4106 nator
474 4059 584 4124 quidquid
601 4061 648 4124 agit
671 4059 824 4120 magistram,
845 4058 895 4110 aira
932 4061 1439 4129 praess‚suctm1)iony·.qoil.rr.p.113.

388 4121 448 4183 apud
468 4136 582 4183 unacum,
601 4121 736 4188 aiva'apud
764 4122 893 4188 populum
932 4137 956 4174 et
968 4126 985 4174 l.
998 4139 1032 4174 ιν.
1042 4144 1066 4191 p.
1075 4130 1131 4179 257.
1157 4127 1353 4179 Saneumece
1362 4130 1438 4178 reddit

389 4181 499 4250 quidquid
510 4189 662 4240 vell'atribua
672 4189 898 4248 deccmendumfl'si
929 4187 1013 4238 illator
1029 4192 1085 4242 Aia.
1117 4194 1204 4243 &mm
1220 4205 1300 4243 autem
1317 4195 1377 4244 idern
1392 4207 1439 4255 eat,

388 4249 625 4328 popuiosc’aceudum
637 4256 751 4321 proponit.
783 4253 841 4303 Vult
855 4256 897 4302 Li·
929 4255 1064 4319 quil'uliur,
1075 4269 1135 4308 teate
1146 4259 1216 4308 Ovili.
1228 4259 1436 4312 rulime-213.

389 4328 441 4362 arm
460 4315 505 4364 hos
525 4315 585 4380 inm,
604 4322 751 4381 mimam,
772 4331 896 4384 autequam
928 4317 1260 4374 menstruatarum
1272 4326 1339 4374 iufra.

388 4377 529 4457 ollaslisde
546 4397 572 4432 re
588 4399 666 4448 ageret
683 4388 708 4435 in
724 4399 815 4444 secan,
829 4397 896 4436 ruu-
959 4385 982 4423 ⁷⁵
999 4385 1015 4416 ¹
1032 4387 1136 4454 incessit]
1162 4389 1219 4441 vid.
1240 4401 1291 4440 not.
1310 4395 1351 4444 ab.
1369 4393 1397 4440 ad
1415 4408 1438 4442 c.

311 4489 316 4496 ,
388 4443 452 4504 ine,
466 4446 514 4493 aire
528 4447 621 4510 lint-e
638 4451 718 4502 Patres
727 4453 855 4506 delibatus
864 4453 895 4502 de
927 4449 967 4501 56.
979 4449 998 4502 i.
1009 4463 1029 4506 l.

387 4509 433 4564 fas
444 4511 525 4563 victori
535 4513 618 4579 populo
628 4517 763 4582 prumia
