3175 5200
494 386 630 475 nan.
659 384 876 455 cmxxm.
1151 398 1210 464 107

161 572 260 625 rante
282 554 393 643 gratias
408 564 512 641 ngrrnt,
534 555 696 621 liberaliter
710 554 808 618 babiti
822 556 955 638 cultique
976 557 1009 619 in
1031 556 1207 622 calamitate
1220 566 1254 616 u,
1264 560 1294 618 ο.
1303 571 1365 626 ete.
1467 606 1472 613 =

162 668 234 711 ena.
261 648 331 711 inde
354 644 485 729 hospitia
506 642 649 727 jungunt.
693 642 868 724 Numquam
895 644 967 705 aliae
993 658 1064 709 ante
1089 646 1210 731 publice
1224 632 1358 689 ΝΜ·

160 734 369 839 privatimque
394 731 536 795 latinum
563 750 675 795 nornen
704 728 845 793 Romano
874 730 999 814 imperio
1022 732 1210 816 conjunctius

162 820 333 971 findililll.
355 904 416 969 Sed
431 919 462 969 et
475 906 586 968 bellurn
607 903 752 969 Volscum
772 902 952 984 inminebat,
974 915 1006 967 et
1029 906 1144 985 civitas,
1162 927 1210 970 se·
1222 937 1346 987 med,

162 1009 241 1059 cum
256 997 322 1079 ipsa
336 994 460 1072 discors,
481 993 627 1057 intestino
641 992 720 1055 inter
733 990 837 1054 Patres
860 992 1040 1076 plebemque
1064 990 1212 1075 flagrabat
1222 1021 1254 1053 aa
1267 1004 1375 1055 ebenum.

163 1082 253 1161 odio,
275 1082 408 1143 maxime
429 1092 552 1165 propter
574 1082 601 1126 ¹⁷
615 1098 710 1141 nexae
725 1079 764 1140 ob
779 1098 819 1140 aas
834 1077 975 1141 alienum.
1019 1078 1211 1161 Premebant,

161 1168 174 1205 ‘
190 1188 237 1246 se,
253 1168 326 1231 loris
340 1188 395 1253 pro
409 1165 548 1230 libertate
563 1174 594 1229 et
609 1166 736 1249 imperio
750 1165 940 1245 dimicantes,
962 1166 1045 1228 dorni
1065 1186 1085 1228 a
1098 1166 1211 1230 civibus
1282 1222 1286 1228 .

160 1254 301 1339 ‘captos
327 1267 359 1317 et
388 1256 543 1338 obpressos
568 1272 657 1329 esse3
689 1254 889 1335 tutioremque
912 1253 944 1313 in
962 1254 1052 1332 bello,
1075 1274 1165 1336 quam
1180 1255 1211 1317 in

159 1342 174 1379 ‘
189 1360 282 1425 pace,
302 1342 382 1403 inter
397 1340 510 1419 hostes,
525 1358 615 1427 quarn
630 1340 709 1403 inter
724 1340 813 1418 eires,
827 1337 999 1423 libertatem
1013 1340 1110 1428 plebis
1124 1338 1211 1404 esse.¹

161 1427 374 1511 invidiamque
394 1446 472 1505 earn,
483 1444 547 1488 sua
560 1438 667 1513 sponte
681 1425 870 1509 gliscentem,
885 1426 1010 1508 insignis
1023 1427 1112 1488 unins
1127 1428 1210 1489 caia-

162 1515 262 1577 mitas
277 1514 426 1577 accendit.
469 1512 586 1595 Magno
600 1524 675 1575 natu
690 1512 812 1595 quidam
827 1532 896 1573 curn
911 1512 1046 1575 omnium
1061 1514 1209 1576 malorum

162 1620 292 1665 suorum
313 1601 478 1683 insignibus
501 1620 533 1661 se
553 1598 706 1663 inimum
724 1597 864 1683 projecit.
879 1598 980 1661 obsita
992 1610 1058 1661 erat
1072 1601 1210 1684 squalore

161 1689 271 1767 vestis,
287 1686 395 1749 isedior
409 1686 540 1770 corporis
556 1686 676 1749 babitus
690 1686 805 1771 pallore
820 1706 856 1747 ac
870 1686 969 1747 macie
983 1686 1121 1769 peremti.
1156 1686 1209 1751 Ad

162 1776 240 1854 hoc,
251 1774 398 1858 promissa
411 1774 506 1836 barba
520 1785 552 1836 et
566 1770 668 1857 capilli
683 1772 880 1835 efferaverant
893 1771 1025 1856 speciem
1036 1774 1106 1837 ori's.
1127 1772 1208 1837 Nos-

161 1861 319 1924 citabatur
341 1871 443 1923 manen
473 1858 504 1922 in
530 1872 618 1923 tanta
643 1858 846 1938 deformitate,
861 1871 893 1923 et
912 1861 940 1899 ¹⁸
954 1859 1073 1922 ordinas
1088 1861 1209 1924 duxisse

163 1947 303 2026 aiebant,
317 1946 435 2029 aliaque
449 1946 563 2009 militia
577 1948 687 2009 decora
700 1946 801 2028 urigo,
824 1948 1000 2009 miserantes
1015 1966 1095 2026 eum,
1105 1947 1208 2031 jacta·

162 2036 254 2098 bant.
279 2034 354 2118 ipse,
376 2044 469 2097 testes
491 2034 684 2096 honestarum
705 2033 821 2116 aliquot
836 2033 910 2096 locis
924 2052 1104 2118 pagnanum,
1126 2035 1208 2097 cica-

163 2120 259 2185 trices
274 2121 399 2183 adverso
420 2130 544 2203 pectore
558 2121 743 2183 ostentabat.
786 2118 1018 2194 Sciscitantibus
1039 2121 1144 2185 ‘unde
1159 2122 1209 2185 ille
1317 2166 1321 2178 .

153 2210 176 2241 '‘
193 2207 338 2269 habitus?
374 2206 453 2269 unde
479 2205 687 2271 deformitasi’
718 2227 810 2289 quum
834 2207 1013 2269 circumfusa
1026 2210 1116 2271 turba
1130 2220 1210 2272 esset

164 2312 263 2379 prope
274 2292 306 2355 in
317 2290 472 2355 concionis
482 2291 637 2372 modum,‘
647 2290 760 2355 Sabino
771 2292 873 2373 bello,’
889 2293 1004 2373 ait,‘se
1015 2294 1210 2375 militantem,

76 2424 82 2438 .
164 2382 177 2417 ‘
193 2380 267 2461 quia
280 2392 403 2464 propter
416 2378 625 2463 populationes
639 2381 703 2463 agri
718 2400 780 2443 non
791 2380 891 2443 bnctn
901 2380 994 2443 modo
1008 2382 1211 2461 cameriqsed

163 2464 266 2529 ‘ville
278 2468 401 2529 incerna
413 2466 512 2545 lirerit,
531 2464 651 2550 direpta
663 2466 776 2545 omnia,
796 2486 907 2551 pecora
920 2467 1040 2545 abacta,
1062 2468 1210 2530 tributum

163 2555 176 2588 ‘
193 2552 299 2636 iniquo
313 2564 517 2637 subtemporc
535 2554 726 2636 imperatum,
802 2552 933 2616 alienum
947 2550 1074 2616 fecisse:
1097 2552 1140 2633 id,
1155 2574 1210 2616 cn·
1291 2603 1296 2609 .

163 2641 340 2704 ‘mulctum
365 2639 471 2720 usuris,
492 2637 644 2723 primo'se
668 2661 742 2723 agro
765 2651 892 2724 patemo
917 2641 1057 2722 avitoque
1081 2641 1209 2720 exuisse,

163 2731 174 2763 ⁸
191 2727 303 2792 deinde
318 2725 445 2791 fortunis
460 2727 546 2789 aliiae
590 2739 734 2805 ostremo,
748 2725 830 2789 velut
854 2727 967 2805 tabem,
986 2728 1155 2810 parvenisse
1170 2729 1210 2790 ad

162 2816 311 2898 ‘corpus
354 2813 489 2878 Ductum
504 2835 537 2876 se
552 2747 591 2878 ai
606 2813 765 2892 creditore,
787 2833 849 2875 non
864 2813 896 2874 in
915 2813 1080 2893 servitium,
1102 2813 1157 2878 sed
1176 2815 1209 2876 in

136 2952 139 2959 f
164 2901 376 2984 ‘ergastulum
400 2911 432 2964 et
457 2901 661 2964 carnificinam
686 2897 771 2965 esse!
816 2899 892 2962 lnde
912 2905 1065 2963 ostentare
1079 2912 1209 2984 tergum,

164 2988 282 3052 loedum
297 2988 466 3051 recentibus
480 2987 613 3070 vestigiis
628 2989 793 3050 verbemm.
826 2986 877 3049 Ad
890 2987 954 3050 bac
967 2987 1033 3049 aisa
1048 2988 1210 3070 auditaque
1322 3059 1325 3065 ,

167 3075 284 3137 clamor
298 3074 403 3157 ingens
417 3075 522 3137 oritur.
555 3072 636 3136 .Non
656 3073 723 3157 jam
747 3073 813 3138 foro
834 3095 867 3136 se
890 3073 1037 3137 turnultus
1061 3076 1209 3152 continet,

167 3161 225 3222 sed
246 3161 359 3242 passim
382 3169 481 3222 totam
496 3161 599 3228 urbem
614 3161 761 3244 pervadit.
804 3163 832 3200 ¹⁹
847 3157 937 3221 Nexu
950 3161 1045 3223 vincti
1061 3160 1211 3241 solutique

167 3267 204 3308 ae
218 3246 349 3327 undique
363 3247 396 3307 in
409 3245 564 3328 publicum
575 3245 753 3330 proripiunt,
768 3244 922 3326 inplorant
932 3243 1094 3314 Quiritium
1107 3243 1211 3307 tidem.

168 3330 265 3395 Nullo
278 3331 348 3394 loeo
362 3331 448 3393 deest
462 3330 617 3394 seditionis
636 3329 821 3392 voluntarius
842 3349 955 3397 comes.
973 3329 1077 3392 multis
1098 3331 1211 3414 passim
1236 3345 1241 3354 ·

244 3418 341 3480 inibus
365 3438 419 3502 per
445 3435 550 3479 omnes
574 3416 637 3477 aias
661 3433 729 3478 cum
748 3415 888 3481 clamore
910 3415 942 3479 in
960 3414 1058 3479 iorum
1073 3419 1210 3481 curritur.

209 3525 289 3587 agno
304 3525 373 3567 cum
386 3503 520 3588 periculo
534 3523 598 3581 sno,
620 3503 671 3587 qui
686 3500 764 3565 forte
779 3499 901 3566 Panum
921 3503 953 3566 in
972 3503 1040 3567 foro
1059 3517 1156 3586 erant,
1179 3505 1210 3568 in

79 3591 87 3604 '
169 3612 239 3656 eam
265 3591 383 3656 turbam
409 3591 589 3654 inciderunt.
615 3611 671 3654 nec
695 3601 897 3675 temperatam
916 3591 1055 3655 manibus
1068 3592 1156 3672 foret,
1177 3593 1209 3656 ni

168 3679 297 3764 propere
308 3677 456 3757 consules,
467 3673 499 3741 P.
515 3675 655 3740 Servilius
670 3688 701 3740 et
715 3676 774 3762 Ap.
790 3676 942 3757 Claudius,
953 3679 994 3742 ad
1008 3680 1210 3764 comprimen-

169 3767 242 3830 dam
271 3767 449 3830 seditionem
476 3765 714 3830 intervenissent.
767 3761 803 3828 In
835 3785 887 3827 eos
922 3767 1086 3831 multitudo
1115 3788 1210 3845 versa,

169 3865 322 3918 ostentare
335 3853 522 3926 vinculasua
542 3851 825 3935 deformitatemque
846 3852 948 3916 aliam.
994 3852 1068 3916 Hac
1089 3873 1123 3914 se
1145 3873 1210 3915 rne-

204 4039 227 4079 ς7
244 4035 325 4105 Nesos]
349 4035 405 4091 Neri
425 4049 490 4086 erant
506 4036 533 4100 ii,
550 4037 588 4102 qui
605 4053 676 4101 quum
708 4055 778 4102 quum
799 4037 898 4088 mamma
919 4038 944 4088 in
967 4035 1065 4086 vincariis
1083 4033 1142 4099 apud
1160 4047 1210 4083 cre·

172 4105 320 4156 creditoribus
341 4106 387 4152 suis
407 4103 535 4154 satidacere
557 4119 603 4152 anu
625 4119 676 4167 pos·
708 4105 792 4154 ditores
809 4117 896 4164 erant;
916 4116 942 4154 et
961 4101 1045 4166 liqui,
1068 4117 1138 4164 quum
1154 4098 1210 4148 elim
1257 4150 1259 4153 .

172 4173 279 4286 ccc
297 4167 677 4228 ..,
705 4169 1003 4285 turcana
1180 4164 1209 4267 n:

206 4301 229 4335 ὓ
262 4253 353 4350 ὅινῖἰηὲε
378 4269 473 4364 dedisse]
509 4269 675 4349 Centurionem
705 4245 1208 4359 mtmdmamSSfflezii,legmdffi

174 4366 252 4416 fotae.
291 4365 350 4416 Orda
370 4378 419 4416 erat
440 4365 510 4414 altera
529 4381 581 4432 pan
602 4367 675 4414 mani·
705 4377 800 4416 censet:
824 4369 883 4426 assi,
897 4367 966 4415 cincti
982 4365 1101 4426 niumm.-
1123 4363 1208 4423 idest,

173 4432 239 4497 puli:
255 4431 398 4490 membris,
411 4431 521 4482 centurio.
552 4431 675 4480 Vidinlra
706 4432 768 4494 nesi,
789 4430 828 4480 alii
848 4447 901 4480 cum
917 4429 1010 4480 vinculis
1029 4428 1092 4493 ipsis,
1113 4428 1152 4476 alii
1170 4443 1207 4474 ro-

175 4509 233 4546 vnr.
244 4496 268 4543 t.
705 4497 758 4554 luti,
772 4497 822 4550 sine
833 4495 937 4560 eiusab,
952 4511 978 4550 se
991 4496 1016 4548 in
1030 4493 1146 4561 publicum
1156 4506 1208 4558 pro-

205 4560 229 4600 v
244 4555 310 4610 Noa
327 4561 395 4612 aneti
412 4560 526 4628 amnne]
553 4562 618 4615 Etii
637 4563 677 4627 qui
707 4559 798 4628 ridant.
1236 4597 1240 4606 .
