3175 5200
381 356 439 415 110
795 348 881 415 'n'fl
898 350 1001 417 len

215 521 356 581 measa.
378 526 469 593 egeas
494 511 592 577 miles.
636 509 749 575 Consul
771 528 842 576 cum
871 512 1006 577 momnis
1025 513 1347 596 glorismarictorem
1362 539 1416 585 ex-

214 586 349 645 iii-⁴⁹³·
378 600 506 663 ercitum
521 598 689 665 ultumam
718 597 846 663 reducit.
876 598 1073 665 decedentem
1096 601 1227 668 Romam
1249 603 1416 671 Ραῐηιιο-

378 706 444 750 rum
460 686 638 751 Volscorum
665 684 768 767 legati,
794 685 882 747 rebus
897 687 959 748 suis
979 687 1123 751 timentes
1146 703 1219 772 post
1246 691 1415 761 Pometiam

377 786 511 926 aapperiri,
536 772 658 837 adeunt.
702 768 760 833 His
795 793 834 835 ex
858 775 1120 840 senstrrsconsulto
1146 776 1219 844 data
1238 800 1309 864 perr,
1344 802 1415 863 ager

416 873 525 923 emtus.

212 960 335 1011 numurus
417 943 533 1009 XXVI.
556 941 725 1009 Confestim
757 955 789 1007 et
818 941 923 1010 Sabini
935 942 1309 1017 Rommos'territrvers:
1325 956 1353 993 ⁴⁶
1365 965 1414 1017 tu·

213 1026 317 1078 sibam.
375 1032 486 1099 multus
515 1030 598 1095 enim
626 1031 685 1097 suit
721 1030 831 1110 verius,
858 1050 948 1115 quam
979 1036 1102 1099 bellum.
1144 1035 1246 1101 Nocte
1272 1040 1304 1106 in
1338 1043 1412 1105 urbe

375 1119 551 1183 nunciatum
579 1129 638 1198 est,
663 1118 829 1181 exercitum
850 1118 997 1183 Sabinum
1015 1123 1251 1206 praedubuudum
1281 1126 1321 1189 ud
1334 1127 1413 1193 Aui-

374 1207 462 1271 sneln
490 1226 611 1271 amnem
639 1206 819 1289 pervenisse.
841 1206 884 1269 ibi
910 1208 1023 1293 passim
1053 1208 1142 1293 diripi
1175 1222 1266 1293 atque
1293 1213 1414 1281 incendi

373 1292 468 1357 villas
513 1290 625 1357 Missus
650 1292 806 1376 extemplo
830 1312 869 1355 eo
896 1315 967 1359 cum
995 1296 1136 1360 omnibus
1161 1297 1256 1380 copiis
1277 1300 1412 1384 equitum

373 1377 412 1445 A.
442 1378 623 1456 Postumius,
653 1381 705 1463 qui
729 1380 863 1445 dictator
884 1381 965 1446 bello
994 1376 1108 1445 launo
1147 1382 1257 1446 fuerat.
1292 1399 1412 1451 secumr
1522 1419 1525 1428 .

375 1468 479 1533 consul
508 1464 650 1531 Servilius
685 1486 754 1532 cum
785 1466 905 1535 delecta
929 1468 1065 1552 peditum
1094 1488 1197 1534 manu.
1254 1467 1413 1555 Plerosque

374 1554 511 1638 palantes
532 1574 624 1639 eques
648 1554 857 1620 circumvenit.
884 1574 941 1622 uec
955 1555 1128 1629 advenienti
1147 1555 1283 1639 peditum
1299 1559 1412 1641 agmini

373 1641 485 1707 restitit
503 1638 618 1709 Sabina
646 1640 736 1723 tegio.
781 1639 876 1720 Fessi,
900 1653 966 1707 tum
986 1641 1104 1722 itinere,
1129 1654 1197 1710 tum
1217 1646 1412 1727 populatione

373 1740 532 1807 nocturna,
547 1748 749 1815 magnopere
763 1728 795 1789 in
809 1728 887 1793 villis
901 1728 1008 1812 repleti
1028 1729 1098 1794 cibo
1111 1730 1252 1811 vinoque,
1268 1730 1320 1797 vix
1334 1732 1411 1815 iugc

209 1840 361 1895 mmmm
373 1816 456 1897 quod
483 1816 556 1878 satis
582 1826 661 1877 esset
675 1815 783 1878 virium
797 1815 937 1878 habuere.
980 1813 1081 1879 Nocte
1096 1836 1159 1879 una
1173 1816 1279 1879 audito
1293 1818 1410 1900 persco-

208 1906 332 1961 Amareis.
373 1913 464 1984 toque
493 1902 573 1965 bello
587 1899 712 1979 Sabino,
737 1912 860 1985 postero
875 1901 936 1981 die,
958 1902 989 1963 in
1004 1922 1117 1985 magna
1125 1900 1256 1987 jamspe
1277 1904 1410 1986 undique

493 1990 588 2072 pacis,
614 1988 707 2071 legati
725 1986 860 2053 Aunmci
885 1999 1023 2054 seranum
1047 1990 1172 2069 cdeurrt,
1188 1990 1221 2053 ni
1245 1989 1411 2056 decedstm

400 2074 484 2139 olsco
513 2094 597 2157 agro,
621 2075 735 2141 bellurn
754 2074 933 2143 indicentes.
976 2074 1054 2141 Cum
1069 2076 1178 2158 legetis
1192 2077 1282 2141 simul
1291 2076 1409 2143 exerci-

301 2184 309 2193 ’·
371 2172 420 2225 nis
444 2162 655 2229 Auruncorum
680 2162 774 2227 domo
802 2160 955 2245 profectus
980 2174 1063 2238 erat„
1085 2161 1171 2244 cujus
1201 2163 1293 2241 lama,
1327 2163 1411 2227 baud

370 2250 475 2332 procul
485 2248 553 2333 jam
574 2250 615 2313 sb
628 2248 733 2317 Aricia
753 2248 822 2327 visi,
843 2259 932 2318 tauto
946 2250 1078 2313 tumultu
1099 2249 1231 2315 concivit
1245 2248 1410 2329 mosum,
1452 2284 1462 2301 κ

370 2346 406 2401 ut
430 2356 486 2401 nec
506 2336 622 2401 consuli
641 2336 748 2401 ordine
763 2332 880 2415 Patres,
903 2355 961 2399 uec
979 2348 1124 2420 pacatum
1138 2356 1313 2420 responsum
1327 2356 1412 2402 arma

370 2422 566 2487 inferentibus
580 2444 665 2487 arma
676 2422 733 2505 ipsi
744 2422 901 2504 capientes
912 2423 985 2487 dare
999 2434 1132 2505 possent.
1156 2423 1292 2489 Ariciam
1302 2424 1410 2488 infesto

297 2580 300 2587 Ι
372 2509 495 2590 agmine
509 2509 588 2573 itur:
611 2529 668 2573 nec
697 2509 804 2591 procul
826 2510 898 2574 inde
917 2508 1257 2593 sensumsensurn
1275 2510 1410 2589 conlata,

370 2594 536 2678 proelioque
551 2616 613 2660 uno
628 2595 812 2663 debellatum
826 2607 883 2662 est.

205 2705 332 2756 Tmboeob
413 2679 545 2746 XXVII.
569 2681 653 2748 lusis
681 2683 842 2763 Auruncis,
878 2683 975 2748 victor
1018 2695 1068 2748 tot
1095 2684 1176 2748 intra
1203 2703 1316 2768 paucos
1343 2683 1409 2748 dies

205 2787 324 2822 nsxosre.
371 2768 458 2832 bellis
479 2768 635 2834 Romanus
649 2770 799 2853 promissa
826 2771 957 2834 cumulis
971 2771 1122 2852 fidemque
1145 2781 1267 2834 sensura
1281 2790 1407 2852 exspec-

206 2839 351 2890 motmunt.
371 2856 476 2921 tabat:
501 2875 592 2938 quum
611 2856 739 2940 Appius,
754 2868 786 2924 et
802 2857 893 2921 insita
917 2858 1056 2942 superbia
1079 2858 1191 2936 animo,
1213 2869 1245 2920 et
1264 2868 1301 2920 ut
1314 2855 1408 2919 colle·

121 2947 127 2954 “
234 2975 237 2980 ·
369 2963 415 3025 gor
439 2948 549 3008 usuam
575 2943 688 3008 faceret
710 2943 813 3022 fidem,
839 2964 930 3028 quam
955 2944 1115 3028 asperrime
1133 2953 1263 3027 poterat,
1286 2941 1338 3024 jus
1367 2943 1407 3006 dc

370 3029 492 3094 creditis
507 3029 641 3114 pecuniis
668 3031 778 3094 dicere.
793 3031 937 3118 deinceps
950 3044 993 3110 st,
1018 3032 1161 3113 quiante
1186 3031 1257 3095 nexi
1279 3029 1408 3109 meram,

369 3117 566 3180 oreditoribus
604 3117 812 3197 trudebantur,
843 3129 877 3184 et
911 3119 1109 3183 nectebantur
1137 3116 1198 3184 alii.
1241 3116 1332 3190 Quod
1354 3114 1408 3179 ubi

369 3204 417 3266 cui
443 3203 532 3266 militi
554 3203 712 3284 inciderat,
749 3205 899 3287 collegam
928 3204 1124 3303 adpellabat:
1169 3223 1331 3270 concursus
1366 3201 1409 3264 ad

368 3287 527 3354 Servilium
553 3291 656 3370 fiebat,
680 3291 758 3356 illius
789 3291 937 3374 promissa
960 3292 1132 3374 jactabant,
1174 3290 1220 3352 illi
1244 3290 1406 3374 exprobra·

366 3375 442 3441 bant
456 3399 511 3440 sua
530 3379 656 3460 quisque
667 3377 737 3442 belli
759 3379 869 3444 merita
893 3379 1109 3458 cicatricesque
1127 3389 1281 3461 acceptas.
1301 3387 1407 3461 postu·

368 3461 482 3541 labant,
508 3476 543 3526 ut
563 3464 640 3526 autd
654 3463 777 3527 referret
803 3466 843 3539 pd
863 3476 1011 3543 senatum,
1037 3476 1090 3526 aut
1104 3462 1119 3503 ‘¹
1132 3476 1168 3526 ut
1193 3463 1305 3526 auxilio
1328 3473 1407 3524 esset

368 3549 472 3610 consul
502 3549 615 3611 civibus
645 3551 715 3630 suis,
733 3551 897 3638 imperator
915 3551 1071 3613 militibus.
1115 3547 1282 3612 Movebant
1296 3568 1404 3610 consu-

367 3632 427 3696 lem
461 3635 550 3715 hac3
572 3635 626 3698 sed
658 3637 846 3719 tergiversari
867 3658 914 3699 res
937 3636 1077 3718 cogebat.
1112 3636 1188 3698 adeo
1214 3635 1247 3694 in
1277 3634 1404 3696 alteram

367 3740 504 3784 naumain
522 3743 583 3785 corr
605 3721 723 3806 collega
737 3723 834 3788 solum
857 3743 987 3806 praeceps
1001 3725 1087 3801 ierat,
1117 3721 1170 3785 sed
1191 3719 1289 3783 omnis
1311 3718 1405 3781 factio

366 3807 521 3882 nobilium.
540 3809 595 3887 ita,
619 3809 752 3872 medium
772 3830 805 3871 se
827 3810 971 3892 gerendo,
992 3831 1049 3872 nec
1063 3808 1158 3893 plebis
1172 3805 1405 3885 vitavitodium,

365 3914 422 3956 uec
448 3896 529 3980 apud
554 3893 657 3960 Patres
686 3897 817 3980 gratiam
851 3895 929 3960 iniit.
971 3894 1076 3962 Patres
1102 3894 1224 3960 mollem
1249 3891 1404 3958 consulent

701 4039 834 4090 lauta-mo
842 4040 889 4094 del.
901 4041 975 4093 Gron-
984 4044 1053 4094 (ser.

320 4199 323 4207 r
398 4167 545 4224 atam„
600 4171 694 4235 mods,
736 4173 869 4224 amdam
900 4173 987 4222 Miser.
1021 4167 1406 4238 Atlonsssslirrbbujussorir

367 4229 470 4308 Idmon]
492 4238 609 4291 hundret
628 4241 667 4290 hic
684 4250 801 4302 etp-rum
811 4255 867 4292 con·
899 4249 945 4296 est.
970 4238 1010 4288 ubi
1028 4240 1057 4289 de
1084 4240 1171 4289 caldos
1196 4235 1294 4284 armatos
1323 4234 1407 4294 agnus,

366 4311 433 4373 urps
450 4302 544 4352 iterator
563 4321 607 4384 spx
626 4305 726 4356 mn.
759 4303 794 4354 Ea
813 4321 880 4370 pos..
899 4315 941 4381 ¹¹¹¹.
959 4305 1057 4354 datram
1077 4306 1186 4383 sumbus
1214 4301 1306 4350 dicitur·
1350 4297 1404 4349 Hoc

397 4423 563 4482 40Τυννιτιὶῠιιι.
579 4467 587 4482 .
605 4403 702 4500 merisb,
731 4451 798 4500 ptum
820 4436 864 4484 od.
896 4371 971 4490 illim
991 4370 1155 4438 mmm
1174 4365 1302 4419 mom
1318 4363 1404 4416 ΗΑ.

366 4489 425 4555 inm]
446 4487 495 4542 Hit
513 4499 618 4551 murm
631 4501 705 4554 levius
723 4495 770 4562 esr',
795 4517 864 4567 qusm
