3175 5200
505 388 582 452 utu.
596 389 633 451 V.
652 388 733 451 cAP.
746 388 834 453 xx1.
1147 400 1206 457 tls

168 562 283 630 cereut,
305 562 427 633 osptsrn
450 568 489 611 ex
507 548 644 612 hostibus
668 548 699 609 in
723 548 828 611 serario
850 546 998 612 exluusto
1016 546 1206 632 bellismou-
1219 554 1360 608 uoste'

169 639 253 701 nism
267 658 343 715 esse,
368 648 472 699 suctor
492 646 557 699 erut
580 634 724 719 stipendii
744 656 782 697 ex
805 654 843 696 es
856 636 984 718 pecunie
995 635 1085 699 militi
1099 658 1207 699 nume-
1218 626 1251 675 A.
1262 622 1292 675 ⁰·
1300 623 1374 675 ³⁹³·-
1442 692 1447 701 .

169 726 268 801 rendi,
280 736 362 787 uteo
375 724 475 787 minus
489 722 595 785 tributi
607 722 711 805 plebes
731 721 901 785 conferrett
924 722 935 755 ‘
949 720 1022 803 Ejus
1036 723 1118 785 enim
1134 725 1206 787 doni

168 812 372 875 ‘societatem
390 830 527 873 sensurus
542 808 694 891 aequsliter
709 809 846 871 omnium
867 808 995 871 domos:
1017 828 1080 871 non
1104 812 1207 873 avidas

169 900 180 932 ‘
195 898 226 960 in
241 898 422 981 direptiones
437 918 544 959 manus
558 898 725 959 otiosontm
739 896 922 959 urbanorum
933 906 1130 980 praerepturas
1145 898 1208 959 lor·

169 986 180 1019 ‘
195 986 269 1049 tium
282 984 461 1047 bellatorum
476 984 599 1067 prtemis
612 1002 679 1045 esse
693 1006 700 1043 :
724 1003 817 1065 quum
831 983 877 1045 its
890 982 985 1044 ferme
1001 983 1130 1061 eveniat,
1143 986 1209 1048 ”ut

168 1072 314 1154 ‘segnior
328 1073 368 1134 sit
382 1072 540 1155 praedawr,
566 1083 601 1135 ut
622 1070 747 1153 quisque
769 1070 880 1132 laboris
901 1069 1087 1153 periculique
1105 1071 1210 1153 prosei-

169 1159 284 1241 ‘pusm
302 1169 404 1242 petere
419 1170 538 1242 partem
558 1154 675 1220 soleat!
719 1155 853 1219 Licinius
873 1169 990 1235 conus,
1018 1157 1209 1239 ‘suspectam

167 1246 180 1315 ‘,
194 1258 227 1310 et
242 1246 370 1308 invisam
381 1267 499 1330 semper
510 1266 579 1307 esm
590 1244 750 1327 pecuniam
761 1242 847 1320 lore,'
862 1244 983 1322 siebst3
1006 1236 1018 1276 ³
1031 1264 1214 1326 caussasque

168 1332 354 1394 ‘criminum
371 1333 411 1394 sd
431 1333 562 1415 plebem,
583 1332 765 1395 seditionum
786 1330 857 1393 inde
874 1351 910 1393 se
933 1330 1034 1413 legum
1054 1350 1210 1409 novantur,

168 1418 395 1502 ‘praebiturum
432 1416 532 1481 Satius
547 1416 638 1501 igitur
653 1438 735 1495 esse,¹
748 1416 936 1481 reconciliari
957 1439 994 1479 eo
1012 1418 1095 1481 dono
1112 1418 1211 1501 plebis

169 1505 331 1568 ‘animost
354 1506 508 1569 exhaustis
534 1518 626 1588 atque
656 1504 818 1568 exinanitis
848 1504 962 1567 tributo
988 1516 1037 1568 tot
1062 1525 1210 1569 cononem

168 1592 349 1655 ‘subcurrit
372 1604 404 1657 et
428 1593 538 1655 sentire
564 1592 671 1676 pnedae
697 1591 830 1653 fructum
851 1612 890 1653 ex
915 1612 953 1654 eo
976 1591 1066 1670 bello,
1092 1592 1124 1653 in
1148 1613 1209 1674 quo

168 1680 180 1713 ‘
195 1700 289 1762 prope
303 1680 527 1742 consenuerint.
542 1680 657 1761 gratius
676 1678 708 1740 id
728 1677 792 1740 lore
807 1678 972 1759 letiusque,
987 1679 1069 1760 quod
1082 1679 1209 1761 quisque

168 1767 247 1827 ‘sus
262 1786 352 1845 mspu
367 1788 406 1827 cx
426 1767 515 1827 hoste
526 1778 648 1848 ceptum
662 1765 785 1827 domum
796 1764 944 1842 retulerit,
959 1784 1051 1847 quom
1065 1766 1090 1827 si
1103 1766 1208 1830 multi-

167 1852 264 1935 ‘plex
279 1852 401 1914 alterius
421 1852 544 1914 arbitrio
562 1852 702 1933 accipiat.
748 1849 850 1934 Ipsum
873 1851 1053 1915 dictatorcm
1074 1852 1208 1935 8⁰fugere

167 1938 177 1971 ‘
193 1939 337 2001 invidiam
352 1960 391 2001 ex
406 1960 443 2001 eo
457 1939 653 2021 crimineque.
669 1960 706 2001 eo
721 1938 875 2020 delegasse
895 1939 935 2000 sd
957 1950 1107 2001 senatum.
1151 1938 1208 2002 Se-

165 2026 297 2087 ‘nctum
313 2047 432 2109 quoque
446 2026 554 2089 debere
570 2024 715 2107 rejectam
731 2046 795 2087 rem
817 2024 857 2086 sd
870 2046 904 2087 sc
923 2026 1101 2108 permittere
1117 2027 1207 2108 plebi,

63 2169 65 2172 .
165 2112 228 2173 ‘sc
242 2111 307 2195 peti
323 2113 445 2190 habere,
460 2113 542 2195 quod
557 2113 664 2195 cuique
678 2113 739 2174 lom
754 2112 826 2173 belli
842 2111 982 2175 dederit.'
1026 2110 1100 2175 llosc
1115 2115 1208 2177 tutior

111 2202 123 2227 ·
164 2198 229 2260 viss
247 2200 399 2261 sententis
419 2210 474 2279 est,
501 2220 566 2281 quae
587 2199 761 2283 popularem
782 2212 923 2262 senatum
948 2200 1071 2262 laceret.
1114 2198 1208 2270 Fdic-

166 2296 232 2347 tum
256 2286 359 2367 itsque
384 2298 442 2364 est,
465 2287 506 2349 sd
525 2286 659 2371 praedsm
678 2285 851 2362 Veientem,
872 2286 979 2369 quibus
993 2276 1154 2368 rideretur,
1177 2289 1208 2351 in

166 2385 268 2435 eastre
279 2372 319 2434 od
335 2372 514 2436 dictatorem
528 2372 799 2457 proficiscerentur.

208 2456 295 2520 XXI.
317 2458 429 2543 lugens
446 2460 582 2543 profecta
596 2460 758 2523 multitudo
773 2460 900 2544 replevit
913 2474 1024 2523 castre.
1050 2461 1130 2524 Tum
1141 2462 1207 2525 dic·
1220 2455 1332 2535 Veterum

167 2557 259 2624 tutor,
276 2547 433 2631 auspicato
447 2568 593 2630 egressus,
610 2568 701 2629 quum
713 2547 869 2625 edixisset,
884 2559 919 2610 ut
933 2568 1018 2610 erma
1032 2548 1143 2611 milites
1155 2570 1207 2612 cs·
1220 2522 1342 2575 nodum.

166 2647 283 2716 petent,
300 2633 386 2696 ‘Tuo
400 2633 515 2713 ductu,'
531 2635 639 2716 inquit,
656 2632 800 2718 ‘Pythice
811 2633 935 2716 Apollo,
957 2646 1069 2716 tuoque
1085 2637 1208 2700 numine

165 2721 353 2784 ‘instinctus
375 2741 468 2804 pergo
494 2722 533 2783 sd
559 2721 719 2782 delendum
743 2723 847 2782 urbem
863 2718 975 2782 Veios:
1003 2722 1117 2803 tibique
1137 2724 1207 2786 hinc

165 2806 372 2868 ‘decumam‘l
387 2819 503 2890 partem
515 2808 621 2891 praedss
635 2829 740 2870 voveo.
783 2806 830 2869 Te
853 2807 953 2886 simul,
974 2806 1057 2871 luno
1078 2808 1207 2893 Regino,

165 2893 257 2974 ‘quoe
277 2915 359 2956 nunc
380 2891 470 2956 Veios
489 2895 575 2972 colis,
597 2915 714 2977 precor,
735 2907 771 2957 ut
785 2915 842 2956 nos
856 2895 986 2957 victores
1011 2896 1043 2956 in
1061 2909 1207 2977 nostram,
1245 2920 1249 2926 ·

165 2979 335 3062 ‘tuomque
350 3002 422 3042 mox
438 2981 582 3060 futuram,
599 2983 703 3044 urbem
715 3001 860 3064 sequare:
881 2982 933 3042 ubi
950 2993 981 3042 te
1002 2982 1126 3064 dignum
1141 3007 1207 3047 sm-

165 3067 176 3099 ‘
192 3066 342 3148 plitudine
363 3079 416 3128 tua
431 3069 578 3149 templum
593 3067 744 3151 accipiat!
789 3066 865 3130 Haec
879 3079 1029 3150 preconis,
1047 3084 1208 3151 superante

168 3151 373 3229 multitudine,
395 3154 433 3214 ab
460 3155 600 3216 omnibus
615 3153 689 3214 loeis
704 3154 809 3214 urbem
829 3153 1013 3234 adgreditur,
1034 3174 1095 3235 quo
1109 3157 1208 3218 minor

167 3238 205 3299 ab
218 3238 358 3305 cuniculo
368 3238 532 3319 ingruentis
548 3239 671 3320 perictdi
691 3259 794 3312 sensus
810 3250 898 3300 esset.
942 3237 1097 3318 Veientes,
1111 3242 1208 3322 ignari

166 3322 272 3405 sejam
285 3325 324 3385 ab
339 3324 399 3384 suis
410 3324 539 3410 ustibus,
551 3323 616 3405 jam
633 3325 671 3384 ab
685 3325 817 3385 extemis
833 3325 962 3386 oraculis
977 3325 1125 3407 proditos,
1141 3327 1208 3409 jam
1310 3401 1315 3410 ¹

167 3411 198 3472 in
215 3411 333 3492 p'artem
349 3410 456 3493 praedae
471 3431 530 3472 suos
542 3423 665 3472 vocatos
679 3407 773 3488 Deos,
789 3411 813 3448 ⁸¹
822 3411 907 3489 alios,
922 3412 999 3472 votis
1014 3433 1052 3473 ex
1066 3415 1139 3476 urbe
1154 3437 1209 3477 sus

168 3515 321 3574 evocatos,
337 3496 470 3558 hostium
487 3497 604 3580 templa
619 3516 771 3577 novasque
787 3498 874 3559 sedes
889 3510 1039 3581 spectare,
1054 3521 1145 3582 seque
1160 3503 1208 3565 ul·

167 3585 276 3648 timum
293 3583 377 3648 illum
394 3585 475 3648 diem
490 3605 599 3668 agere3
624 3584 699 3647 nihil
713 3584 814 3646 minus
826 3585 978 3666 timentes,
995 3608 1086 3669 qustn
1101 3591 1207 3652 subru-

539 3769 551 3804 ‘t
563 3762 666 3811 decim
677 3761 749 3810 Groo.
761 3763 830 3812 Creu.

194 3917 218 3955 ⁷⁰
236 3915 267 3966 Ut
283 3919 381 3984 segnior]
407 3917 452 3979 Ut,
469 3935 513 3982 quo
533 3918 628 3984 quiaque
646 3919 675 3967 ed
700 3918 1208 3984 cumamquejsneapipmeooteerent,
1306 3964 1308 3967 .

161 3979 263 4032 laborem
280 3985 441 4049 eapeueodum
459 3983 603 4049 periotdaque
621 3986 675 4033 sde-
699 3988 872 4034 terrorermine
882 3995 1002 4034 evocarem
1012 3985 1123 4034 tutelares
1138 3987 1207 4034 deos:

164 4050 224 4098 unda
231 4050 361 4129 promptior
372 4063 415 4110 est,
432 4066 462 4100 eo
476 4050 674 4115 segniorplerum·
700 4053 759 4114 quod
777 4064 818 4102 rut
835 4051 901 4100 aliter
917 4052 997 4099 urbem
1014 4053 1064 4114 erpi
1080 4066 1145 4113 posse
1160 4067 1208 4100 oon

164 4116 483 4247 sisinnius...
502 4199 527 4230 .
543 4197 575 4240 .‚
697 4117 1208 4246 tituto..

165 4244 246 4307 mque]
264 4246 344 4295 Vitsre
354 4247 413 4297 velle
423 4263 453 4297 ne
465 4265 493 4296 ex
504 4263 533 4297 eo
540 4249 582 4298 eibi
592 4248 674 4296 inuidia
698 4261 774 4297 autem
792 4249 900 4307 evocatis,
917 4249 985 4296 urbes
995 4247 1153 4310 exercitusque
1161 4250 1207 4296 lto-

165 4307 378 4376 erimisatioossque
389 4325 503 4362 creentur.
573 4330 577 4338 ⁴
696 4315 766 4362 atium
785 4314 933 4363 devovebant.
965 4313 1207 4375 Utmmqueearmeo‚

148 4377 155 4386 ¹
198 4373 220 4406 ⁸¹
237 4375 297 4424 dlr'os
305 4377 469 4442 (deos)sotr'e..
480 4379 609 4442 ..mooted
622 4377 673 4426 Do·
697 4380 744 4427 eive
757 4380 875 4428 evocandis
885 4381 937 4439 diis,
945 4379 991 4427 eive
998 4379 1133 4426 deserendis
1143 4381 1215 4430 urbi-.

166 4449 204 4484 eet
216 4439 317 4490 Maerob.
328 4443 344 4490 l.
357 4457 394 4492 ιιι.
410 4445 502 4496 Saturn.
515 4461 536 4494 c.
545 4449 568 4495 9.
585 4459 672 4493 morem
696 4446 738 4492 but
749 4445 932 4507 exercitibusque
942 4444 1140 4501 boetium,ibidem
1149 4445 1208 4496 reci·

166 4499 321 4555 Ῑίοιιιιιιοιιιιιι
332 4524 437 4558 eretum
449 4523 472 4559 et
484 4509 561 4558 multis
569 4511 672 4572 ignotum
695 4520 771 4558 tetur=
789 4522 859 4574 atque
878 4511 931 4558 urba
947 4509 998 4558 Veii
1015 4510 1150 4561 uomlumitu
1161 4513 1207 4560 boe

163 4567 243 4634 fuine,
253 4583 288 4632 ot,
301 4589 370 4638 quum
383 4574 515 4625 obsiderent
525 4577 604 4625 urbem
618 4575 671 4625 bos-
695 4576 741 4626 ritu
754 4577 835 4626 devote
844 4576 914 4628 tutes
925 4586 1072 4628 memoretur.
