3175 5200
383 357 423 416 86
492 341 497 352 ’
795 345 880 406 ΤΙΤΙ
898 344 999 406 tlvn

385 505 484 571 lorum
504 519 727 584 armorumque,
750 500 804 560 sed
827 500 953 564 vulnera
976 519 1094 584 quoque
1113 512 1145 563 et
1162 499 1285 582 sanguin
1307 509 1429 582 specta-

301 630 304 638 ·
385 591 454 654 oulo
469 602 589 668 essent3
616 589 677 650 duo
691 583 836 666 Romani,
859 608 947 670 super
967 587 1059 649 alium
1081 586 1169 664 alius,
1189 586 1352 649 vulneratis
1373 585 1429 648 tri·

384 679 440 740 bus
469 673 608 754 Albanis,
645 673 833 755 exspirantes
847 716 851 722 ·
864 686 1057 737 conruerunt.
1091 673 1131 735 ad
1162 694 1292 755 'quorum
1325 691 1429 734 casum

300 801 302 811 =
328 815 333 824 .
385 783 477 846 quurn
511 761 732 824 conclamasset
771 759 885 842 gaudio
917 759 1054 823 Albanus
1081 761 1241 840 exercitus,
1274 758 1430 821 Romanm

384 849 518 932 legiones
543 845 610 930 jam
638 865 710 928 spos
733 855 811 926 tota,
841 847 978 910 nondum
1002 859 1106 910 tamen
1138 867 1221 926 eura,
1246 845 1430 921 deseruerat,

342 971 344 974 ·
384 937 539 998 exanimes
569 931 635 995 vice
665 932 763 1012 mrius,
794 953 888 1015 quem
913 948 974 997 tres
999 932 1143 1008 Curiatii,
1157 933 1431 996 circumsteterant.

384 1020 476 1084 Forte
487 1019 522 1081 .is
539 1019 657 1100 integer
679 1017 748 1097 luit,
766 1030 803 1081 ut
823 1020 968 1082 universis
987 1018 1068 1082 solus
1091 1039 1281 1102 nequaquam
1297 1038 1362 1103 par,
1385 1017 1430 1078 sic

384 1107 525 1168 aduersus
550 1103 684 1188 singulos
716 1103 812 1168 ferox.
835 1127 920 1188 ergo,
952 1118 988 1169 ut
1017 1119 1189 1189 segregaret
1211 1126 1345 1190 pugnam
1377 1125 1430 1165 eo-

384 1181 462 1272 runf,
484 1189 616 1276 capessit
641 1190 824 1274 fugampita
843 1205 926 1254 ratus
950 1203 1117 1270 secnmros,
1138 1206 1173 1256 nt
1198 1213 1345 1275 quemque
1364 1189 1432 1252 vul-

384 1299 457 1344 nere
483 1279 637 1342 adfeetum
666 1299 774 1362 corpus
800 1273 925 1342 sineret.
968 1277 1041 1342 Jam
1063 1279 1250 1360 aliquantum
1273 1277 1363 1362 spatii
1393 1297 1432 1337 ex

385 1387 424 1430 eo
438 1365 517 1445 loeo,
531 1365 583 1428 ubi
598 1376 767 1448 pugnatum
785 1377 844 1444 est,
865 1364 1033 1445 aufugerat,
1059 1385 1152 1446 quum
1172 1364 1334 1447 respiciens
1348 1363 1432 1424 videt

386 1451 506 1535 magrris
518 1449 709 1528 intervallis·
724 1465 906 1534 sequentes:
937 1471 1032 1514 unum
1063 1450 1146 1513 haud
1168 1450 1273 1534 procul
1303 1450 1341 1510 ab
1365 1469 1430 1509 sese

298 1579 299 1587 ι
386 1541 502 1602 abesse.
527 1537 649 1600 ineam
674 1557 787 1620 magno
809 1538 915 1620 inpetu
937 1538 1027 1600 rediit
1035 1538 1062 1599 ¹¹.
1118 1535 1171 1616 Et,
1198 1537 1272 1599 dum
1295 1535 1431 1598 Albanus

322 1679 324 1684 .
387 1624 537 1702 exercitus
563 1623 710 1686 inclamat
732 1621 886 1702 Curiatiis,
921 1625 966 1687 uti
989 1623 1099 1709 ¹opem
1123 1622 1338 1701 ferentinati,
1364 1620 1432 1705 jam

293 1751 298 1794 3
368 1709 547 1788 »Horatiusf
568 1731 646 1774 eaeso
681 1710 769 1773 hoste
802 1711 911 1790 vietor,
943 1712 1107 1774 secundam
1122 1729 1269 1793 pugnam
1297 1709 1434 1792 petebat.

387 1811 454 1864 tum
467 1797 650 1876 iiclamore,
669 1795 766 1877 qualis
786 1818 826 1859 ex
847 1797 1000 1882 insperato
1020 1797 1187 1861 faventium
1202 1795 1291 1873 solet,
1317 1793 1433 1855 Roma·

387 1885 420 1948 ni
446 1882 591 1966 adjuvant
616 1882 746 1946 militem
769 1904 878 1962 suum:
899 1896 935 1948 ,et
949 1883 999 1947 ille
1023 1883 1147 1966 defungi
1170 1881 1277 1965 proelio
1296 1879 1433 1942 festinat.

387 1969 486 2034 Prius*
503 1971 606 2052 itaque
638 1990 729 2052 quam
751 1967 839 2049 alter,
866 1971 917 2052 qui
938 1991 995 2032 nec
1016 1971 1124 2054 procul
1151 1969 1266 2046 aberat,
1290 1965 1434 2047 consequi

477 2070 502 2138 t,
534 2068 572 2120 et.
599 2055 727 2120 altemm
754 2055 923 2120 Curiatium
958 2058 1094 2120 conficit.
1136 2054 1278 2137 Jamque,
1313 2063 1434 2135 arquato

446 2157 503 2224 rte,
526 2143 636 2225 singuli
659 2154 852 2226 sepereraut3
875 2143 930 2204 sed
953 2163 1010 2205 nec
1035 2165 1101 2227 spe,
1123 2162 1180 2204 nec
1203 2142 1313 2203 viribus
1333 2158 1433 2224 pares.

294 2275 298 2282 ·
389 2230 530 2310 altemm,
555 2229 704 2292 intactum
724 2229 804 2292 ferro
829 2249 938 2311 eorpus
961 2241 993 2291 et
1016 2231 1172 2311 geminata
1189 2227 1328 2303 victoria,
1353 2225 1434 2287 fero-

389 2337 458 2380 cem
486 2316 518 2378 in
552 2327 705 2378 certamen
727 2315 852 2378 tertium
881 2314 1015 2376 dabant:
1050 2313 1138 2392 alter,
1165 2313 1276 2375 fessum
1301 2311 1433 2390 vnlnere,

369 2403 502 2466 'fessum
533 2421 621 2462 cursu
652 2399 775 2462 trahens
807 2422 926 2484 eorpus,
952 2401 1109 2482 victusque
1142 2399 1268 2461 fratrum
1298 2410 1369 2461 ante
1400 2419 1433 2458 se

389 2500 502 2568 strage,
517 2485 624 2547 victori
645 2483 788 2566 objicitur
812 2486 904 2549 hosti.
925 2508 983 2547 nec
1005 2487 1079 2549 illud
1121 2487 1239 2550 roelium
1259 2485 1326 2548 fuit.
1370 2482 1434 2547 Ro·

390 2567 928 2653 manusexsultans‚‘Duos,'inquit‚
943 2573 1089 2636 ‘fratmm
1137 2573 1244 2635 auibus
1263 2572 1352 2636 dedi:
1373 2583 1434 2636 ter·

390 2658 493 2721 ‘tium
515 2660 661 2721 ⁸‘caussa
680 2657 752 2721 belli
772 2658 907 2739 hujusce,
926 2670 962 2720 ut
979 2656 1134 2722 Romanus
1156 2660 1278 2721 Albano
1297 2660 1442 2741 imperet,-

363 2754 368 2769 '
390 2741 518 2808 ‘daun'
555 2742 813 2807 Malesustinenti
821 2744 1051 2825 armagladium
1059 2767 1187 2829 superne
1193 2744 1301 2828 jugulo
1311 2745 1433 2826 deligit:

371 2880 372 2883 ,
386 2828 542 2915 jacentem
559 2829 680 2913 spoliat.
725 2826 856 2893 Romani
869 2841 995 2893 ovantes
1017 2853 1054 2893 ac
1068 2832 1256 2914 gratulantes
1268 2830 1434 2894 Horatium

389 2916 565 2999 accipiunt3
600 2937 638 2978 eo
660 2914 774 2997 majore
796 2936 867 2978 eum
891 2918 1014 2999 gaudio,
1041 2938 1103 2999 quo
1130 2939 1225 3001 prope
1247 2929 1364 2981 metum
1388 2938 1437 2979 res

390 3002 500 3066 furerat.
543 3000 595 3064 Ad
622 3001 808 3084 sepulturam
837 3002 908 3063 inde
935 3022 1059 3065 suorum
1087 3023 1277 3085 nequaquam
1311 3003 1436 3085 paribus

391 3088 500 3153 animis
521 3097 697 3167 vertuntur3
724 3089 837 3172 quippe
859 3088 988 3171 imperio
1009 3088 1097 3150 alteri
1119 3088 1212 3169 aucti,
1233 3088 1320 3151 alteri
1341 3089 1436 3151 ditio·

390 3176 439 3239 nis
461 3174 566 3239 aliene
588 3172 674 3237 facti.
718 3170 866 3258 Sepulera
883 3186 1017 3260 exstant,
1040 3186 1100 3257 quo
1116 3176 1241 3259 quisque
1262 3176 1331 3238 loco
1355 3176 1436 3237 ceei-

392 3263 449 3327 dit.
483 3264 545 3327 dun
570 3258 712 3323 Romana
735 3282 798 3325 uno
831 3262 900 3326 loco
932 3262 1054 3345 propius
1076 3261 1199 3340 Albam,
1226 3262 1287 3324 tria
1316 3262 1436 3325 Albana

394 3346 525 3413 Romam
536 3366 638 3411 vesus
646 3368 657 3427 3
680 3346 735 3411 sed
746 3348 893 3413 distantia
904 3348 990 3441 loeis,
1004 3348 1029 3388 ⁸¹
1040 3359 1073 3411 et
1082 3360 1117 3410 ut
1131 3359 1154 3388 ¹²
1162 3360 1331 3432 pugnatum
1345 3362 1403 3411 est.

421 3540 422 3543 ’
507 3522 760 3579 tennemonn.
887 3529 1015 3579 turn-a
1142 3533 1320 3583 'etctGrorn

392 3689 433 3759 qni
451 3706 492 3759 per
508 3686 613 3745 foeminei
630 3708 699 3745 ceros
716 3696 824 3761 pelsoou
843 3710 898 3747 coo·
962 3694 986 3734 '1⁹
1002 3692 1221 3763 *Οἰαιιοτεςφωῑῐι
1235 3716 1262 3751 aa
1276 3703 1382 3765 insperato
1380 3700 1435 3814 dfn·

388 3758 588 3829 jungunturgquo
608 3768 677 3811 seusu
694 3774 841 3827 opponuntur
858 3778 899 3825 og·
931 3762 1029 3809 neuim
1037 3763 1100 3826 utet]
1127 3761 1242 3822 Clamore,
1257 3762 1346 3829 qualern
1367 3782 1435 3817 ecre

393 3827 460 3876 natu.
491 3826 529 3873 liic
551 3822 637 3887 adoptio
655 3836 679 3875 et
698 3828 726 3875 de
746 3826 809 3877 omui
831 3826 900 3888 adop·
931 3826 1008 3873 colent
1025 3828 1051 3885 ii,
1066 3824 1105 3892 qui
1122 3846 1185 3889 curn,
1201 3847 1269 3893 quem
1286 3833 1371 3881 victum
1386 3835 1435 3894 Jero

393 3891 462 3943 tionis
488 3904 573 3955 genere
594 3890 685 3947 dicitur,
706 3904 730 3940 et
752 3888 899 3953 peculiariter
929 3890 1080 3950 crediderant,
1098 3911 1127 3943 ex
1142 3896 1255 3959 insperato
1273 3910 1389 3959 resurgere
1401 3898 1435 3944 ri·

394 3958 424 4007 de
442 3956 564 4023 adoptione
581 3971 660 4023 eornm
678 3956 787 4018 quirunt
804 3955 828 4002 in
846 3966 898 4019 pot-
930 3954 1022 4014 denter,
1044 3954 1095 4020 ejus
1121 3962 1169 4024 spei
1195 3961 1323 4010 renuenti
1350 3962 1435 4010 serent.

393 4032 468 4072 estate
486 4023 564 4089 patris.
582 4034 683 4083 tuncque
702 4017 823 4083 opponitur
837 4036 899 4068 orro-
930 4018 1040 4070 intuetur
1050 4023 1128 4073 Livius
1145 4041 1172 4073 ea
1189 4042 1240 4089 que
1250 4027 1275 4073 iar
1292 4027 1372 4089 pugnis
1388 4027 1436 4085 gla-

314 4132 329 4153 5
393 4089 487 4149 gatiani.
534 4086 620 4136 Eadem
641 4082 699 4135 ratio
721 4098 756 4134 est
782 4086 858 4151 gregis
874 4098 899 4134 et
929 4086 1051 4152 dictorum,
1075 4089 1100 4137 in
1124 4091 1257 4155 spectaculis
1283 4088 1438 4147 circensia,

394 4152 502 4199 cnrmtt:
527 4150 603 4215 'gree
629 4150 691 4200 enim
718 4161 753 4199 est
774 4151 900 4213 quorumli·
931 4153 1032 4201 accidere
1044 4154 1155 4206 solebant.

395 4210 435 4261 bet
446 4211 574 4263 animalium
586 4217 769 4278 congregatiqet
778 4216 901 4280 speciatim
964 4218 988 4250 ⁸⁰
1005 4219 1081 4269 Caute
1100 4221 1151 4267 belli
1172 4218 1270 4280 iujusod
1297 4218 1438 4267 Emendatio

395 4278 426 4327 de
452 4276 576 4326 minoribus
606 4280 731 4344 pecudibus
757 4280 850 4339 dicitur,
876 4291 903 4328 ut
935 4280 1058 4331 Gronovii:
1077 4284 1253 4345 quem'firmant
1264 4280 1310 4330 duo
1321 4300 1350 4331 ex
1360 4283 1435 4334 MSS.

394 4340 485 4411 uviliae,
493 4342 578 4405 capris:
596 4361 642 4407 quo
651 4348 728 4410 census¹
734 4347 856 4411 opponitur
865 4363 904 4392 ar·
936 4345 1042 4396 Hearnii.
1054 4349 1129 4396 Antea
1140 4363 1240 4398 cauum:
1251 4347 1346 4397 insulse.

395 4414 475 4465 mento,
500 4406 560 4468 quod
586 4408 678 4473 majoris
704 4424 739 4463 est
755 4411 853 4479 peeoris,
874 4420 901 4458 ut
965 4411 987 4443 ⁸¹
1005 4410 1035 4458 Et
1052 4420 1079 4459 nt
1095 4420 1223 4477 pugnatum
1242 4410 1284 4475 est]
1314 4414 1362 4462 Hic
1380 4416 1437 4464 ordo

396 4470 476 4547 lcum,
485 4484 603 4541 equorum
791 4530 797 4541 ¹
933 4476 1007 4540 magis
1022 4474 1114 4542 placuit,
1132 4492 1201 4542 quem
1223 4477 1262 4544 qui
1278 4478 1346 4544 vulgo
1366 4479 1436 4531 habe·
