3175 5200
347 407 376 450 x
670 388 1104 470 ruoffluruuoamvn

355 541 524 640 adeoque
548 566 702 618 omnem
724 568 897 618 corruere
914 543 1081 617 fabulam
1100 541 1148 614 de
1163 539 1309 616 ossibus
1333 538 1399 613 Li·

355 642 473 715 viauis
500 642 639 717 Patavii
661 644 828 740 repertis,
852 653 938 742 post
965 642 1130 716 Gudium
1147 641 1308 714 docuere
1315 639 1398 737 jam

351 740 566 816 Morholius
583 742 720 840 aliique
735 741 850 815 modo
863 741 1004 815 laudati
1018 741 1058 814 in
1075 749 1166 814 nota
1184 744 1218 813 1.
1294 831 1297 834 .

405 839 532 915 Livius
549 850 589 916 et
613 841 838 936 eloquentie
861 849 900 914 et
915 839 1158 938 philosophia
1176 835 1309 912 studiis
1335 837 1401 911 de·

351 935 457 1013 ditus
490 939 606 1014 luisse
633 939 794 1013 videtur.
855 938 942 1013 Hoc
973 963 1094 1012 exeo
1124 937 1316 1036 probabile
1342 935 1400 1025 fit,

356 1036 459 1133 quod
492 1040 606 1112 libros
636 1038 753 1113 edidit
780 1037 1067 1140 philosophicos,
1100 1038 1151 1131 (v.
1177 1059 1268 1109 mox
1293 1032 1315 1130 q
1343 1035 1396 1129 2.)

355 1136 448 1210 illud
461 1161 508 1210 ex
523 1136 678 1211 historia
694 1161 808 1234 quam
825 1137 972 1233 scripsit
986 1167 995 1220 ;
1023 1161 1070 1209 ex
1086 1159 1162 1232 qua
1178 1133 1294 1207 etiam
1310 1155 1402 1206 con·

355 1233 463 1330 ligas,
489 1259 578 1311 eum
595 1236 648 1308 rei
665 1236 836 1310 militaris
862 1235 1053 1331 civilisque
1077 1234 1176 1308 haud
1203 1240 1401 1329 expertem

355 1332 483 1423 fuisse,
508 1357 631 1431 neque
646 1357 800 1409 omnem
827 1335 874 1408 de
898 1335 1008 1407 rebus
1029 1333 1120 1405 belli
1141 1341 1180 1403 et
1194 1331 1296 1426 pacis
1318 1339 1401 1403 tam

353 1433 558 1528 prudenter
569 1432 759 1530 judicandi
775 1433 995 1507 facultatem
1012 1457 1060 1505 ex
1086 1430 1165 1504 sola
1180 1429 1401 1502 Graeeorum

355 1531 517 1604 lectione
530 1531 709 1605 hausisse.
752 1532 940 1605 Eumdem
956 1531 997 1602 in
1007 1530 1224 1604 interiorem
1240 1527 1403 1623 Augusti

342 1628 454 1727 imp.
472 1628 675 1704 amicitiam
692 1632 917 1728 pervenisse,
939 1638 1043 1726 patet
1064 1653 1111 1701 ex
1134 1626 1223 1700 Tac.
1240 1625 1342 1700 Anu.
1359 1627 1399 1715 4,

355 1730 418 1802 34.
470 1729 661 1811 Quantum
677 1753 766 1804 vero
785 1730 843 1802 sui
859 1729 998 1800 famam
1015 1725 1246 1816 excitaverit,
1267 1725 1328 1798 vel
1352 1745 1402 1796 ex

357 1850 403 1899 eo
419 1826 657 1924 intelligitur,
684 1829 786 1923 quod
809 1826 1017 1901 Gaditanus
1043 1825 1197 1922 quidam
1223 1823 1304 1920 ejus
1332 1843 1401 1895 no·

355 1925 459 1998 mine
474 1927 666 2025 gloriaque
682 1936 907 2015 commotus,
933 1926 980 1999 ad
996 1924 1195 1998 visendum
1211 1923 1336 2019 ipsum
1351 1921 1401 1993 ab

356 2024 493 2098 ultimo
509 2035 693 2100 terrarum
710 2029 802 2101 orbe
816 2027 980 2098 Romam
995 2025 1111 2113 venit,
1128 2021 1340 2115 statimque,
1354 2027 1404 2092 ut

355 2123 512 2214 viderat,
524 2125 626 2200 abiit.
641 2149 677 2199 v.
696 2126 793 2199 Plin.
811 2127 882 2223 Ep.
897 2128 934 2214 2,
947 2127 984 2197 3.
1002 2132 1043 2196 et
1054 2123 1209 2196 Hieron.
1224 2117 1295 2216 Ep.
1311 2119 1399 2194 103.

356 2221 430 2298 Cui
451 2246 530 2297 non
559 2225 805 2299 adversantur
831 2224 912 2298 lraeo
933 2222 1059 2296 Suidae
1086 2221 1125 2295 in
1150 2245 1187 2293 v.
1212 2217 1398 2317 Κορνοῦτος

355 2336 494 2408 verba:
521 2333 593 2407 Δῦο
618 2335 816 2435 συγγραῲἔε
831 2333 994 2433 Ῥωμαίου
1016 2331 1111 2424 ἤπην,
1132 2334 1238 2417 Τῖτος
1267 2325 1398 2417 Λίβυος,

335 2459 391 2549 Ἰοὗ
425 2459 551 2564 druppis?
579 2463 667 2535 πολὺ
701 2464 761 2536 καὶ
795 2463 924 2536 κλευνδν
956 2461 1072 2559 ὄνομα,
1105 2460 1163 2533 καί
1203 2462 1400 2560 Κορνοῦτος.

353 2589 516 2683 Τοσαίτη
544 2593 578 2665 δδ
605 2589 645 2685 ἦν
671 2598 688 2679 ἡ
715 2594 913 2695 διαφορίπης
946 2596 981 2681 ἐς
1020 2591 1130 2681 ποιίςδε
1163 2591 1241 2679 τοὺς
1278 2587 1401 2689 ἄνδρας

353 2716 423 2792 τῶν
443 2718 674 2819 ἀκροωμένων,
698 2724 746 2808 οἷς
772 2730 830 2793 τοῦ
852 2722 914 2817 μὶν
934 2719 1119 2821 Knemis-oo
1135 2718 1402 2815 παμπλείπτους

220 2880 225 2891 ·
355 2843 496 2935 ἀκοίειν,
528 2843 699 2949 θεραπείᾳ
728 2878 765 2919 τε
801 2848 860 2919 καί
894 2844 1063 2945 κολακείᾳ
1092 2856 1150 2919 τοῦ
1176 2845 1288 2947 dulgis
1319 2842 1401 2945 παρ’·

356 2976 503 3079 pitseus,
538 2977 598 3051 καί
626 2970 688 3051 ’διὰ
720 2973 781 3067 τὴν
812 2972 985 3063 ἀπαιδίαν,
1018 2971 1130 3047 ἐλπίδι
1161 2974 1402 3074 κληρονομίας,

357 3120 456 3205 ποῦγε
479 3104 549 3208 μῄν
575 3107 696 3194 Λιβίου
721 3106 867 3203 ὀλίγους,
888 3107 989 3180 ἀλλὰ
1009 3102 1056 3177 ὦν
1077 3136 1111 3177 τι
1128 3103 1253 3195 &petas
1274 3103 1325 3194 ἦν,
1341 3105 1403 3178 καὶ

358 3244 391 3316 ἓν
425 3240 551 3316 κάλλει
588 3238 705 3343 ψυχῆς
738 3236 798 3311 καί
833 3238 1038 3338 εὖγλωπτίᾳ.
1095 3240 1140 3310 Ὁ
1170 3234 1289 3337 χρίνος
1322 3236 1356 3309 δέ
1387 3240 1404 3308 ὅ

357 3372 511 3473 ἅπροιτίς
543 3404 581 3443 τε
616 3370 676 3445 καί
711 3369 911 3459 ἀδίκαστος,
948 3369 1010 3442 καί
1040 3374 1062 3459 ἡ
1100 3368 1217 3442 votivos
1250 3366 1404 3465 ᾡάλαγξ

358 3502 418 3577 καί
436 3502 555 3588 ὄπαδδς
571 3501 633 3573 καί
651 3499 769 3600 ἐ’ᾡορος
792 3504 814 3589 ἡ
830 3498 985 3590 ἀλήθεια
999 3499 1057 3571 τὸν
1078 3500 1141 3594 μὶν
1156 3496 1324 3595 ἁνίῲῃναν
1340 3496 1403 3569 καί

357 3631 591 3729 ἐξεκάλυψαν,
610 3627 727 3730 ὥσπερ
754 3626 979 3730 κεκρυμμίνον
995 3628 1169 3729 θησαυρδν
1197 3626 1258 3700 καί
1275 3618 1402 3729 κεχαν-

274 3808 280 3827 ·
355 3763 439 3840 δίτα
454 3762 574 3838 πολλὰ
592 3762 652 3835 καὶ
669 3760 801 3849 ἐσθλοὶ,
818 3764 921 3835 Uror
943 3757 1075 3847 Λίβυν·
1103 3770 1160 3835 τοῦ
1181 3759 1214 3831 δδ
1238 3760 1403 3834 πλουσίου

359 3897 420 3970 καί
456 3894 568 3993 μίνποι
609 3893 670 3968 καί
701 3890 945 3994 περιρρεομένου
979 3898 1049 3980 τοῖς
1082 3890 1242 3994 χρήμασι
1289 3889 1404 3982 λήθην

359 4026 627 4126 κατεχειίπαντο,
655 4036 713 4101 τοῦ
738 4023 952 4128 Κορνοίτου,
