3175 5200
198 530 338 591 urceis.

199 604 337 658 Arfflbl.

199 673 292 805 {qim
301 688 354 725 cunr

247 755 288 809 ¹²¹9

241 860 250 893 t

365 373 426 445 rto
484 344 487 351 ⁴
765 366 994 443 'unnim

368 542 595 631 Hernicumque
622 535 875 609 'transcenderant
900 542 1020 629 agrum)
1054 544 1207 611 delectum
1241 548 1410 613 habentem

367 631 523 698 Valerium
544 634 699 696 consulem
713 630 761 694 M.
773 630 904 695 Meuius
926 633 1062 696 tribunus
1086 634 1196 719 plebis,
1221 636 1298 720 legis
1319 658 1410 719 agra·

367 720 417 786 rire
432 723 521 801 lator,
540 731 639 803 quum
657 718 822 804 inpediret,¹
845 720 1017 803 auxilioque
1041 721 1155 786 tribuni
1180 739 1272 787 nemo
1298 724 1409 788 invitus

366 816 557 873 sacramento
576 807 709 885 diceret3
735 811 861 891 repente
880 808 1051 887 nunciatur,
1067 828 1169 891 secem
1184 808 1409 874 Carventanam

366 898 405 958 ab
425 887 562 958 hostibus
582 906 763 979 occupatam
785 914 862 956 esse.
894 892 940 957 Ea
968 895 1139 978 ignominia
1165 909 1292 981 accepta
1314 917 1408 981 quum

366 982 446 1067 apud
459 980 563 1044 Patres
592 980 711 1044 invidiae
726 979 841 1044 Maenio
863 981 930 1060 nsit,
955 992 1021 1045 tum
1046 984 1156 1046 ceteris
1183 985 1323 1066 tribunis,
1340 984 1409 1067 jam

366 1081 438 1143 ante
465 1068 640 1157 praeparatis
668 1068 914 1132 intercessoribus
939 1068 1015 1152 legis
1037 1071 1174 1152 agrariae,
1197 1065 1322 1155 prebuit
1339 1072 1411 1155 jus·

364 1157 474 1219 tiorem
501 1176 639 1219 caussam
677 1156 835 1219 resistendi
858 1154 990 1238 collegae.
1027 1152 1136 1238 Itaque
1162 1176 1254 1240 quum
1280 1180 1325 1220 res
1354 1160 1407 1221 dru

232 1250 247 1327 '¹
367 1240 459 1309 dueta
474 1262 527 1327 per
550 1244 781 1311 altercationem
804 1251 904 1321 esset3
925 1242 1099 1305 consulibus
1113 1242 1196 1307 Deos
1211 1241 1406 1329 hominesque

366 1331 560 1411 testantibus,
572 1331 735 1413 ‘quidquid
744 1331 783 1393 ab
794 1330 932 1393 hostibus
941 1330 1037 1393 cladis
1048 1331 1279 1415 ignominiaque
1288 1331 1408 1415 autjem

367 1420 377 1453 ‘
393 1430 554 1503 acceptum
567 1428 658 1497 esset,
675 1420 730 1481 a'ut
744 1418 916 1496 inmineret,
931 1418 1053 1502 culpam
1066 1438 1159 1502 penes
1174 1418 1321 1482 Meuium
1334 1422 1410 1498 iore,

276 1516 282 1523 '
366 1506 378 1540 ‘
392 1504 443 1655 qui
454 1504 607 1569 delectum
619 1506 771 1589 inpediret
780 1504 800 1583 ;’
811 1503 926 1568 Manio
937 1504 1411 1591 contravociferante,‘siinjusti

183 1604 187 1613 “
301 1616 302 1621 ’
368 1592 508 1655 ‘omini
517 1592 705 1677 possessione
721 1592 784 1675 agri
797 1592 910 1677 publici
928 1592 1084 1673 cederent,
1103 1614 1136 1655 se
1148 1614 1263 1655 moram
1277 1596 1411 1668 delectui

201 2207 324 2277 Receptus

201 2272 311 2325 llomenis

201 2356 241 2389 arx
255 2342 356 2393 Curen-

201 2417 262 2456 lane·

368 1680 454 1742 ‘non
470 1680 569 1743 iecere
581 1676 602 1759 ς’
623 1680 747 1743 decreto
763 1680 954 1763 interposito,
965 1699 1075 1742 novem
1090 1680 1202 1743 tribuni
1222 1681 1412 1745 sustulerunt

368 1776 542 1847 certamen3
585 1763 917 1851 pronuncieuemntque
946 1788 985 1829 ex
1011 1767 1129 1850 collegii
1157 1770 1319 1846 sententia,
1352 1766 1410 1830 ‘ss

368 1851 515 1917 ‘Valerio
530 1854 647 1917 consuli
662 1876 705 1935 se,
720 1856 747 1895 ¹²
759 1854 904 1917 damnum
934 1853 1083 1937 aliamque
1102 1854 1327 1932 coercitionem,
1349 1854 1408 1917 ad-

368 1940 379 1975 ‘
394 1960 495 2005 versus
505 1941 752 2005 intercessionem
764 1942 898 2025 college,
909 1941 1043 2005 delectus
1053 1960 1158 2004 caussa
1166 1940 1406 2005 detrectantibus

368 2029 379 2061 ‘
393 2027 534 2092 militiam
549 2028 709 2108 inhibenti‚
722 2029 960 2093 auxilioiuturos
974 2027 1061 2092 csse?
1084 2027 1153 2091 Hoc
1166 2029 1288 2091 decreto
1299 2030 1406 2093 consul

369 2126 503 2180 onustus
513 2134 605 2201 quum
623 2118 738 2200 paucis,
754 2115 978 2202 adpellentibus
992 2116 1155 2192 tribunum,
1170 2120 1196 2156 ²⁸
1208 2116 1318 2178 collum
1339 2128 1409 2179 tor·

369 2204 468 2283 sisset,
492 2216 573 2267 metu
595 2204 688 2267 ceteri
712 2214 905 2267 sacramento
928 2203 1044 2266 dixere.
1066 2200 1182 2266 Ductus
1205 2204 1354 2265 exercitus
1370 2202 1412 2265 ad

370 2286 593 2354 Carventanam
624 2310 735 2372 arcem,
759 2307 943 2375 quamquam
963 2291 1076 2352 inrisus
1091 2290 1275 2372 infestusque
1296 2288 1413 2355 consuli

370 2390 446 2457 aret,
467 2379 586 2463 inpigre
602 2380 701 2462 primo
716 2380 821 2443 stetim
838 2380 980 2458 adventu,
1000 2376 1129 2460 dejectis
1151 2378 1201 2462 qui
1225 2378 1258 2439 in
1272 2376 1413 2461 praesidio

370 2472 466 2543 erant,
481 2484 583 2527 arcem
603 2466 719 2551 recipit.
746 2464 939 2549 praedatores,
960 2482 1000 2527 cx
1013 2464 1153 2550 prasidio
1177 2483 1232 2549 per
1246 2464 1414 2548 neglegen-

369 2552 445 2616 tiam
461 2550 582 2635 dilapsi,
608 2552 802 2616 occasionem
823 2570 965 2638 aperuere
986 2552 1025 2617 ad
1047 2535 1260 2616 invadendum.
1305 2550 1415 2615 Praeda

369 2647 407 2700 ex
437 2636 570 2701 adsiduis
603 2639 863 2724 populationibus,
894 2641 976 2724 quod
1001 2641 1106 2703 omnia
1124 2642 1162 2703 in
1188 2640 1290 2703 locum
1313 2645 1414 2703 tntum

369 2735 516 2807 congesto
531 2736 626 2807 erant,
652 2725 712 2788 fuit
732 2725 931 2808 aliquantum.
954 2727 1110 2790 venditam
1125 2729 1181 2789 suh
1196 2727 1286 2791 hasta
1307 2723 1411 2789 consul

370 2812 401 2874 in
420 2813 556 2874 ararium
579 2811 717 2896 redigere
732 2822 896 2896 quaestores
906 2814 1018 2896 jussit3
1037 2824 1104 2878 tum
1124 2815 1290 2898 praedicans
1314 2812 1411 2897 parti-

368 2900 468 2982 cipem
490 2899 597 2984 prede
620 2899 685 2962 sore
705 2901 885 2982 exercitum,
908 2919 1001 2984 quurn
1016 2901 1157 2965 militiam
1171 2922 1235 2965 non
1250 2901 1412 2964 abnuisset.

367 2979 476 3049 Aucta
520 2986 590 3050 inde
619 2987 715 3071 plebis
746 3009 781 3051 ac
808 2987 941 3052 militum
965 2987 997 3051 in
1027 2989 1183 3052 consulem
1218 2988 1278 3052 irae.
1299 2987 1413 3070 itaque,

368 3090 460 3157 quum
481 3093 520 3137 ex
535 3075 800 3150 senatusconsulto
815 3075 923 3139 urbem
937 3097 1030 3140 ovans
1051 3077 1202 3156 introiret,
1217 3075 1341 3140 alternis
1364 3076 1413 3137 io-

367 3155 483 3225 conditi
491 3181 594 3225 versus
607 3159 731 3226 militari
758 3159 885 3226 licentio
903 3162 1036 3246 jactatis
1063 3165 1171 3246 quihus
1187 3163 1292 3227 consul
1314 3164 1415 3226 incre-

366 3250 459 3332 pitus,
474 3249 579 3312 Menii
592 3251 712 3313 celebre
734 3250 1011 3329 nomenlaudibus
1027 3251 1095 3332 luit,
1122 3271 1213 3336 quum
1229 3251 1269 3313 ad
1292 3267 1415 3313 omnem

367 3336 555 3408 mentionem
581 3335 695 3402 tribuni
722 3335 808 3400 lavor
834 3337 1060 3401 circumstantis
1075 3337 1181 3424 populi
1201 3338 1369 3423 plausaque
1384 3349 1417 3399 et

369 3423 499 3485 adsensu
522 3442 593 3486 oum
617 3424 742 3487 vocibus
767 3424 901 3488 militnm
940 3434 1082 3489 certaret.
1132 3420 1280 3508 Plusque,
1294 3444 1333 3488 ea
1357 3440 1416 3503 res,

368 3525 459 3592 quam
474 3511 501 3548 ¹⁴
511 3529 606 3612 prope
623 3509 776 3576 sollemnis
797 3511 930 3576 nrilitum
947 3511 1072 3576 lascivia
1089 3511 1122 3575 in
1145 3512 1313 3592 consulem,
1339 3530 1417 3574 curn

245 3609 250 3629 ¹
367 3593 504 3660 Patribus
530 3594 645 3679 injecit.
668 3609 700 3660 et
714 3599 909 3684 ¹⁸nmqusm
935 3599 1020 3664 haud
1042 3596 1151 3664 dubius
1173 3599 1255 3665 inter
1275 3600 1416 3664 tribunos

396 3867 420 3905 Β
435 3867 559 3937 nmen]
575 3867 690 3920 Duronum
702 3873 791 3937 proprie
809 3874 875 3923 vide·
938 3873 961 3909 ²⁸
975 3872 1047 3938 Prope
1055 3869 1158 3939 auom]
1173 3871 1314 3941 Quaepmpe
1324 3874 1349 3923 iu
1359 3889 1418 3925 cou-

363 3936 875 4003 tarintelligideooquodjacturrmrliqorm
905 3941 1051 3989 metudioem
1061 3939 1157 3992 obierat.
1384 3955 1388 3959 ’

363 3998 399 4052 rei
416 3999 533 4053 hmilimis
543 4003 660 4120 Ἥ.
692 4001 874 4054 Vidinirsvn.
939 4003 962 4038 ὓ
982 4004 999 4034 ⁹
1019 4004 1133 4068 nquam
1149 4003 1211 4053 houd
1229 4002 1320 4068 uuum]
1346 4002 1420 4056 Sena·

363 4067 388 4117 ⁴.
419 4063 559 4120 Donnuroi
592 4071 599 4084 '
649 4067 875 4127 theutemosis
907 4078 957 4132 tus,
982 4072 1022 4134 qui
1046 4071 1135 4120 videret
1159 4069 1222 4119 houd
1242 4071 1338 4120 dubium
1358 4071 1422 4121 ieter

365 4135 659 4208 quomodoeupmm.38.
673 4135 875 4197 adimperiurnin-
907 4132 1022 4186 Tribunos
1055 4137 1155 4186 militum
1185 4134 1298 4186 honorem
1324 4137 1420 4202 Manli,

365 4195 488 4248 humum
907 4200 926 4250 ei
944 4211 1044 4265 peteret,
1066 4203 1089 4251 id
1107 4213 1151 4262 ert,
1168 4201 1284 4251 Maenium
1294 4201 1354 4250 hund
1372 4201 1420 4250 du·

396 4259 419 4294 Β
441 4261 527 4312 Qum
549 4263 651 4330 tersisset]
673 4263 759 4316 Manus
779 4262 841 4330 injici
862 4282 876 4315 a
907 4265 944 4315 bie
965 4279 1130 4330 perventurum
1149 4283 1198 4317 esse
1218 4269 1246 4316 ed
1265 4267 1422 4317 'inhumatum

363 4321 483 4374 littoribus
504 4330 617 4392 jussisset.
661 4331 787 4380 Familiaris
811 4329 876 4380 locu·
907 4331 1015 4392 militum,
1040 4335 1061 4382 ri
1081 4345 1181 4398 peteret
1204 4350 1268 4399 spero
1285 4334 1378 4384 honoris
1398 4333 1424 4384 ei

364 4389 406 4447 rio,
431 4391 485 4440 collo
504 4393 583 4442 chono
603 4411 689 4458 rapere,
716 4400 740 4446 id
764 4409 808 4458 eat,
834 4413 876 4463 per
906 4397 1001 4460 stent,
1036 4399 1126 4448 indictis
1158 4400 1314 4450 consularibus
1347 4401 1424 4450 eomi-

363 4455 411 4571 qimm
430 4457 521 4525 injectis
538 4459 562 4509 iu
579 4471 646 4526 caput
664 4471 689 4514 et
700 4462 785 4514 mlum
801 4463 875 4516 meni·
905 4463 997 4596 ἓίιέ
1017 4464 1100 4531 quibos
1119 4465 1178 4516 ratio
1198 4463 1249 4534 ejus
1271 4465 1353 4519 haberi
1374 4481 1425 4516 non

408 4558 415 4575 .
875 4563 882 4570 -
946 4543 1005 4582 ers.
