3175 5200
352 364 394 424 88
754 357 839 424 um
858 355 959 426 lall'ss

191 525 334 582 uoto.
357 515 495 610 Direptis
509 521 598 590 bonis
611 539 727 607 regum,
753 523 892 608 ἀιιιιιιιιὶ
908 522 1087 609 proditores,
1112 535 1304 612 sumtumque
1327 543 1397 612 stp-

190 593 333 647 ΝΜ·
358 611 496 696 plicium,
521 612 714 696 conspectius
728 631 778 691 eo,
795 612 877 693 quod
900 633 997 697 poeuse
1019 614 1173 699 cupiendo
1194 615 1397 680 ministerium

356 701 438 784 patri
460 701 500 763 do
525 699 626 762 liberis
652 698 827 761 somniatus
850 699 995 784 inposuit,
1018 713 1060 782 et,
1086 703 1138 785 qui
1158 715 1311 786 spectator
1333 715 1399 766 emt

357 786 555 865 amovendus,
578 805 647 848 eum
673 785 772 868 ipsum
795 785 917 850 formos
943 801 1117 853 exactorem
1144 790 1283 874 supplicii
1304 789 1398 852 dedit.

357 870 490 936 Stabunt
504 873 629 954 deligati
644 872 801 956 stipulum
816 873 994 938 nobilissimi
1013 875 1149 959 juvenes.
1177 878 1231 940 sed
1246 899 1265 940 a
1279 875 1398 955 ceteris,

357 959 441 1022 velut
470 960 508 1021 sb
537 960 651 1042 ignotis
676 959 838 1043 capitibus,
867 962 1000 1024 consulis
1031 963 1116 1026 liberi
1142 965 1279 1028 omnium
1306 964 1338 1027 in
1364 983 1397 1024 se

357 1057 530 1108 evenerunt
550 1048 665 1124 oeulos,
691 1047 950 1132 ”miserebatque
977 1070 1040 1112 uon
1061 1071 1158 1134 ptenae
1175 1052 1272 1134 magis
1298 1049 1396 1112 homi-

355 1152 422 1211 nes,
445 1153 538 1216 quom
552 1134 685 1212 sceleris,
706 1155 768 1217 quo
783 1155 906 1219 poeuurn
922 1137 1022 1200 meriti
1038 1149 1159 1216 essent3
1183 1139 1261 1216 illos,
1285 1157 1324 1198 eo
1339 1157 1395 1218 po-

355 1219 509 1283 tissimum
524 1241 606 1283 anno
621 1221 751 1304 putrium
775 1223 945 1302 liberatum,
961 1235 1078 1308 putrem
1094 1224 1295 1301 liberatorem,
1322 1241 1396 1284 con·

355 1308 487 1370 sulatum
513 1319 615 1369 ortum
643 1327 685 1370 ert
710 1309 804 1371 domo
827 1309 930 1390 lunio,
952 1309 1068 1389 Patres,
1097 1311 1227 1394 plebem,
1252 1309 1397 1393 quidquid

355 1391 492 1456 Deorum
513 1394 732 1476 hominumque
754 1395 964 1459 Romsnomm
989 1410 1078 1476 esset,
1101 1396 1253 1459 induxisse
1276 1395 1308 1456 in
1332 1396 1397 1457 sni-

355 1500 451 1558 mum,
478 1492 513 1541 ut
526 1481 658 1564 superbo
673 1482 827 1563 quondum
851 1484 926 1564 regi,
950 1495 1016 1546 tum
1032 1483 1142 1546 infesto
1157 1482 1264 1560 exsuli,
1287 1482 1396 1566 prode·

189 1578 323 1631 Proditores
355 1579 434 1629 rent.
478 1565 627 1629 Consules
640 1567 672 1628 in
687 1567 791 1629 sedem
807 1589 979 1650 processere
995 1589 1091 1647 susm,
1115 1569 1258 1652 missique
1277 1568 1397 1633 lictores

188 1648 337 1708 Wlffl-
353 1652 394 1714 sd
416 1653 598 1715 sumendum
618 1654 800 1737 supplicium
823 1654 953 1716 nudatos
973 1655 1066 1736 virgis
1088 1655 1218 1733 eodum,
1241 1657 1398 1737 securique

353 1739 484 1803 feriunt:
512 1759 606 1822 quum
635 1740 714 1802 inter
741 1759 832 1803 omne
853 1751 972 1822 tempus
998 1751 1094 1822 puter,
1116 1741 1286 1824 vultusque,
1306 1753 1338 1805 et
1363 1762 1397 1804 os

353 1824 419 1908 ejus
442 1828 619 1910 spectaculo
647 1837 737 1903 esset,
760 1825 951 1888 ”eminente
969 1827 1071 1888 snimo
1096 1827 1196 1910 patrio
1218 1827 1298 1890 inter
1319 1830 1396 1910 pub-

354 1913 419 1976 licos
450 1935 547 1997 poenos
583 1912 794 1975 ministerium.
848 1909 1022 1975 Secundum
1054 1933 1177 1996 poensm
1209 1914 1396 1992 nocentium,

354 2012 389 2062 ut
405 2001 438 2062 in
453 2009 741 2082 utramquepartem
763 1999 903 2062 arcendis
923 2000 1085 2063 sceleribus
1099 2001 1274 2084 exemplum
1294 2000 1396 2064 nobile

354 2099 445 2165 esset,
471 2086 627 2170 proemium
650 2085 754 2163 indici,
774 2085 905 2168 pecunia
927 2107 966 2148 ex
985 2088 1100 2167 serario,
1121 2088 1245 2150 libertus
1266 2099 1299 2150 et
1322 2088 1396 2150 civi-

353 2186 413 2253 tus,
428 2174 512 2236 (latu.
556 2171 611 2235 lllc
632 2173 764 2255 primum
785 2171 897 2234 dicitur
912 2175 939 2212 ³⁰
949 2173 1084 2237 vindicta
1103 2173 1257 2239 liberatus.
1272 2175 1396 2256 quidum

353 2261 532 2324 ''vindictte
550 2279 672 2342 quoque
693 2280 806 2322 nomen
825 2271 955 2322 tracnun
976 2261 1014 2322 ab
1029 2260 1081 2324 illo
1103 2273 1231 2344 putent3
1254 2259 1397 2326 Vindicio

354 2348 412 2430 ipsi
441 2367 554 2410 nomen
578 2347 679 2408 titisse.
731 2349 760 2386 ⁸²
769 2345 842 2409 Post
871 2345 956 2408 illum
978 2348 1180 2432 observatum,
1212 2358 1257 2427 ut,
1284 2349 1334 2432 qui
1354 2348 1397 2409 ita

353 2435 472 2496 liberati
488 2445 600 2509 essem,
613 2433 645 2494 in
656 2432 812 2493 civitatem
828 2434 947 2515 accepti
963 2434 1145 2498 viderentur.
1185 2457 1187 2464 ’

186 2522 309 2641 &flubii
395 2518 450 2582 Vl.
473 2518 542 2599 His,
563 2519 642 2582 sicut
660 2529 731 2580 octo
749 2531 848 2599 erant,
867 2521 1029 2602 nunciatis,
1054 2521 1193 2584 incensus
1209 2520 1393 2605 Tarquinius

235 2608 275 2639 ιιιιι
289 2606 339 2640 m
1081 2640 1083 2647 ,
1268 2608 1270 2615 ’

186 2655 284 2709 litentur.
469 2718 472 2723 Ι

392 2736 595 2786 ⁸’'Miserslrnt.
624 2739 770 2805 ..seleriq
795 2740 858 2790 Ouia
890 2756 979 2790 servum
1001 2751 1055 2789 tote
1083 2750 1205 2805 pretorem
1234 2738 1339 2795 sistebat,
1371 2748 1395 2787 et

352 2818 437 2868 nempe
467 2816 531 2853 trun
558 2814 607 2852 erst
636 2802 698 2851 illius
723 2808 813 2855 eteritis
834 2820 857 2856 et
890 2800 955 2873 alepi
973 2820 1105 2871 percussum
1127 2805 1301 2865 circumegebst,
1326 2813 1396 2866 utque

352 2872 452 2919 amris
483 2881 519 2929 ut,
546 2870 739 2933 maminotum
757 2872 859 2936 loquitur
890 2872 922 2921 its
955 2872 1075 2921 emittebat
1103 2884 1182 2919 mauu.
1214 2870 1280 2919 'rum
1312 2882 1397 2933 pretor

351 2936 401 3000 ipss
425 2936 511 2993 Livius,
543 2936 602 2985 intra
629 2949 686 2985 virt.
703 2940 758 2990 ⁴lb·
791 2940 860 3000 captis
891 2938 1022 2995 vindicum,
1038 2938 1181 2997 instigem
1203 2937 1272 3001 capiti
1291 2936 1396 2999 ejusdem

350 3002 421 3065 magis
462 3002 576 3062 memibut,
612 3018 678 3066 quarn
705 3004 858 3067 mirsoele'rotis,
890 3003 949 3051 servi
979 3002 1118 3067 imponebst.
1153 3000 1206 3049 Qus
1224 3003 1309 3050 deiude
1330 3000 1397 3049 lictor

351 3066 605 3117 sinilbmrideretur.
890 3083 904 3115 r
979 3084 1020 3117 ore
1039 3078 1130 3133 accepta
1149 3078 1218 3133 ceput
1234 3068 1293 3115 terri
1314 3082 1396 3132 percu-

345 3135 350 3146 *
383 3131 541 3197 Ψῦιιίιιιισ]
588 3132 768 3198 Erumpeutssrur
815 3150 855 3197 ps-
889 3134 922 3183 tis
952 3145 972 3191 t,
990 3134 1073 3183 uelem
1081 3134 1154 3198 pslma
1181 3146 1317 3197 tergumque
1344 3148 1396 3183 rer·
1421 3168 1426 3179 =

349 3201 412 3247 terni
434 3200 458 3247 iu
479 3198 563 3248 liberos
584 3199 777 3249 nll'ecttuiodiciir
797 3200 858 3247 inter
890 3199 994 3250 bembrt.
1027 3198 1119 3255 Quibus
1139 3201 1204 3259 setis,
1233 3211 1284 3248 tum
1312 3214 1398 3249 nomen

349 3266 416 3314 trine
431 3256 497 3313 ‘illul
513 3265 616 3333 supplicii
634 3267 664 3314 ds
697 3264 730 3314 eis
752 3265 858 3325 erigendi
890 3265 949 3313 terri
978 3267 1002 3313 in
1032 3278 1081 3315 nctt
1103 3282 1116 3315 a
1140 3266 1214 3314 scribe
1246 3264 1398 3316 referebatur.

352 3330 513 3390 ministerium,
548 3334 607 3396 quod
648 3330 691 3410 ipsi
728 3330 859 3379 consulitur
891 3330 952 3380 Htec
973 3332 1023 3381 fers
1041 3332 1114 3381 nabet
1143 3332 1243 3381 Rosiutu
1272 3331 1288 3380 l.
1312 3346 1329 3381 ι.
1342 3333 1398 3379 Ant.

353 3396 494 3461 imponebat.
528 3398 577 3446 llic
597 3411 712 3457 genuinus
732 3408 767 3444 est
788 3396 860 3461 buJ'us
891 3396 960 3446 Rom¹
981 3414 1002 3447 e.
1020 3400 1061 3447 20.
1082 3398 1205 3449 exBoetio
1228 3396 1318 3461 inTop.
1328 3396 1397 3447 eice-

351 3462 397 3509 ioti
407 3477 505 3520 senms3
524 3462 563 3524 qui
572 3474 596 3510 et
613 3476 643 3509 er
660 3473 741 3509 ustura
759 3462 862 3523 ducitur,
893 3465 967 3525 roris,
979 3463 1061 3513 isidor.
1071 3464 1088 3512 1.
1100 3476 1136 3513 ιιι.
1146 3464 1240 3526 sliisque
1251 3462 1356 3511 collecti.

352 3538 378 3575 et
438 3526 507 3572 batur
520 3526 664 3589 oppositione
685 3541 768 3576 vocum
776 3530 860 3588 patrio,
924 3528 945 3563 ³¹
962 3526 1068 3577 Vinilictae
1084 3544 1159 3575 nornen
1181 3536 1276 3575 tractum
1293 3528 1322 3573 ob
1341 3525 1394 3586 illo]

350 3542 452 3653 publii.
485 3590 510 3636 si
529 3592 568 3651 qui
585 3592 684 3651 putriron
702 3595 802 3639 onim
820 3610 860 3641 sc·
893 3593 940 3641 Vel
960 3594 1054 3643 fortene
1078 3592 1217 3657 probabilius
1236 3606 1264 3639 ex
1286 3604 1315 3638 eo
1337 3591 1396 3653 quod

352 3655 503 3769 ἰιιὶιιιιίίὶιιιιιιτριυ
521 3670 599 3769 putore
620 3656 860 3773 inbpstrismkcii'et
893 3660 930 3707 'uu
952 3660 1013 3721 virga
1039 3658 1063 3707 iu
1086 3657 1217 3707 libertatem
1244 3656 1396 3703 sumnonem

412 3736 492 3769 eoem
543 3737 562 3770 u
589 3736 638 3769 voci
655 3738 682 3769 ru
747 3739 772 3771 m
800 3735 858 3773 atro-
892 3740 976 3773 sermm

353 3802 408 3835 rtem
427 3786 549 3848 affingunt,
566 3799 591 3835 st
609 3803 702 3837 omnem
713 3738 860 3853 'bulcheni-
924 3788 948 3824 ³⁹
959 3788 1010 3835 Post
1035 3788 1099 3835 ilium
1128 3784 1270 3847 obserurtttm]
1305 3784 1397 3835 Servius

353 3868 399 3900 mre
415 3854 486 3917 hujus
501 3855 624 3903 mntsntioe
643 3853 689 3903 vim
705 3869 731 3903 se
753 3866 859 3902 venusta.
893 3854 1092 3903 menumissionem
1125 3868 1167 3918 per
1196 3867 1290 3903 censum
1323 3852 1396 3901 iutro-

353 3928 402 3967 tem
432 3933 590 3985 corrumpunt.
639 3918 758 3973 Quorsum
796 3921 860 3969 enirn
892 3922 996 3977 duxerat,
1014 3936 1065 3983 quie
1085 3918 1164 3977 tiebat,
1186 3936 1257 3982 quum
1275 3919 1334 3967 servi
1353 3932 1396 3966 no-

353 3986 464 4035 ettiueret
479 3987 609 4047 observare,
629 3987 654 4033 in
673 4001 702 4035 eo
722 3997 795 4051 petre,
821 3988 860 4049 qui
894 4002 948 4037 men
964 3985 1068 4036 dominus
1088 3985 1111 4033 iu
1130 3984 1218 4034 tubulas
1237 3998 1317 4032 census
1335 3984 1396 4031 rele-

353 4048 438 4099 liberos
464 4054 495 4100 eb
511 4053 634 4119 prodendis
661 4050 742 4117 patriis
769 4052 862 4101 consilia
894 4052 991 4101 rendum
1008 4062 1116 4100 curaret:
1135 4066 1181 4114 quo
1201 4050 1261 4098 istro
1278 4048 1346 4097 simul
1368 4047 1397 4096 li.

354 4116 384 4163 sd
401 4118 537 4193 supplicium
563 4120 649 4177 trudat,
676 4133 778 4168 umorem
809 4133 861 4179 erge
893 4118 1007 4196 inustus
1036 4128 1072 4195 et·
1088 4117 1202 4164 civitatem
1232 4114 1397 4195 suipioeebetur

356 4187 672 4315 turmioni]
710 4249 759 4299 n
894 4180 1397 4298 teutbertu-tutti

357 4328 395 4361 me
413 4312 514 4360 solennis
539 4331 588 4363 mos
617 4315 661 4364 fuit
682 4330 758 4365 servor
781 4330 861 4364 ιιιιιιιι-
896 4326 921 4361 ut
942 4328 990 4361 non
1013 4313 1029 4361 ii
1049 4314 1116 4361 modo
1128 4314 1166 4375 qui
1177 4328 1218 4377 per
1237 4328 1341 4372 censum,
1357 4312 1397 4361 red

356 4379 471 4429 mittendi.
505 4378 550 4427 Per
570 4380 687 4431 conulem
708 4382 792 4446 primo,
819 4381 862 4428 ds·
895 4377 954 4428 etii
977 4381 1016 4441 qui
1036 4378 1133 4427 vindicta
1155 4378 1244 4427 liberati
1266 4392 1351 4446 essent,
1373 4380 1397 4427 io

356 4446 409 4495 inde
430 4443 514 4493 secuto
534 4446 676 4509 temporibus
705 4462 747 4511 per
776 4458 862 4510 praeto-
895 4446 1257 4509 civitatsnscteptivldsrsutur.

355 4527 405 4564 rem
425 4511 539 4565 omnum
557 4512 716 4577 pertgebrtur.
746 4510 862 4563 ὓοιιιίιιιιι
