3175 5200
535 362 887 451 mmmm.
1156 368 1214 458 m

215 549 295 617 LVI.
319 548 424 614 Rome
452 545 530 609 sicut
559 545 656 629 plebis
686 545 813 607 victoria
841 544 900 608 luit
934 545 965 607 in
996 566 1044 625 eo,
1066 558 1113 629 ut,
1148 570 1214 633 quae
1227 569 1372 622 uam·

171 642 309 720 mallent,
336 635 461 701 comitia
486 633 655 696 haberent:
688 634 732 695 ita
762 643 873 694 eventu
891 633 1084 697 comitiorum
1109 635 1213 701 Patres
1226 637 1364 715 acatos.
1452 679 1457 700 ι

172 729 281 792 vicere.
307 744 438 807 namque
463 720 576 784 tribuni
603 720 735 783 militum
755 718 906 782 consulari
930 732 1082 803 potestate
1107 702 1371 819 contragffssfflm

173 836 258 901 spem
288 812 424 877 omnium
450 820 511 872 tres
521 807 649 956 patricii
680 806 774 869 creati
795 819 878 887 sunt,
902 804 939 868 C.
953 804 1052 870 Julius
1066 806 1165 891 dulus,
1179 810 1213 874 P,
1264 785 1317 821 '¹⁸
1386 810 1394 830 ·

174 902 331 967 Cornelius
365 896 488 974 Cossus,
550 940 558 956 .
585 892 726 957 Servilius
746 891 856 956 Ahala
907 892 1017 957 Artem
1045 895 1214 961 adhibitam

174 990 274 1052 lerunt
300 1009 319 1049 a
343 984 489 1071 patriciis,
516 978 614 1063 (cujus
647 1002 699 1043 eos
725 978 804 1043 Icilii
830 992 896 1045 tum
913 1002 1034 1064 quoque
1060 982 1215 1047 insimula·

173 1075 260 1157 bant)
274 1072 358 1157 quod
380 1071 501 1135 turbam
524 1067 718 1149 indignorum
733 1066 966 1131 candidatomm
980 1070 1216 1135 intermiscendo

174 1162 284 1244 dignis,
300 1160 391 1223 tedio
411 1156 545 1219 sordium
567 1155 598 1217 in
621 1153 803 1236 quibusdam
821 1154 996 1238 insignium,
1022 1158 1167 1241 populum
1197 1182 1217 1222 a

174 1248 298 1333 plebeiis
333 1246 522 1309 avertissent.
566 1238 693 1303 Volscos
720 1239 831 1303 deinde
852 1255 884 1305 et
913 1240 1043 1326 AEquos,
1072 1266 1126 1308 seu
1141 1245 1216 1309 car.
1228 1260 1344 1313 mm,

173 1348 307 1399 ventam
330 1354 386 1395 arx
408 1340 528 1394 retenta
552 1328 584 1391 in
601 1348 697 1411 spem,
720 1348 772 1389 seu
792 1325 961 1413 Verrugine
976 1332 1120 1394 amissum
1140 1355 1216 1418 μη.
1229 1326 1352 1409 Volscae

175 1421 285 1485 sidium
311 1420 352 1482 ad
381 1419 457 1480 iram
483 1414 690 1498 compulisset,
716 1414 800 1476 lama
828 1415 961 1479 adfertur
983 1439 1103 1483 summa
1123 1422 1153 1484 vi
1177 1391 1378 1508 adffiff'ffl'

176 1508 290 1571 bellum
302 1517 447 1569 coortos:
471 1513 563 1586 caput
583 1522 683 1565 rerum
697 1500 839 1564 Antiates
864 1524 949 1567 esse:
976 1526 1080 1569 eorum
1100 1508 1217 1591 legatos

176 1595 332 1678 utriusque
360 1592 460 1674 gentis
478 1589 607 1674 populos
635 1588 820 1668 circumisse,
845 1592 1031 1675 castigantes
1054 1595 1217 1677 ignaviam,

177 1682 269 1765 quod,
284 1679 379 1742 abditi
400 1679 481 1740 intra
503 1695 615 1755 muros,
636 1675 869 1759 populabundos
883 1679 916 1741 in
931 1681 1010 1762 agris
1032 1683 1136 1765 vagari
1151 1681 1217 1745 Ro·

178 1788 284 1831 manos
299 1766 397 1850 priore
412 1784 504 1841 anno,
523 1773 556 1825 et
578 1762 707 1845 obprimi
730 1760 907 1846 Verruginis
927 1766 1109 1851 presidium,
1137 1771 1218 1855 passi

177 1865 287 1918 essent.
292 1852 359 1935 jam
374 1872 436 1915 non
448 1850 598 1913 exereitus
614 1850 705 1912 modo
717 1863 863 1931 armatos,
886 1854 940 1916 sed
958 1855 1091 1918 colonias
1113 1860 1219 1938 etiam,

178 1943 210 2005 iu
224 1962 294 2005 suos
317 1940 392 2003 lines
419 1938 517 2001 mitti:
541 1958 599 2000 nec
621 1937 702 2021 ipsos
725 1939 818 2002 modo
833 1938 987 2004 Romanos
1012 1964 1068 2006 sua
1087 1947 1114 1985 ⁸⁸
1125 1945 1222 2007 divisa

179 2030 301 2107 habere,
312 2028 365 2091 sed
381 2024 576 2090 Ferentinum
591 2024 684 2086 etiarn
699 2024 737 2087 de
759 2046 791 2087 se
812 2039 937 2111 captum
951 2027 1093 2094 Hernicis
1109 2031 1220 2094 donas-

179 2138 222 2180 se.
267 2114 319 2178 Ad
344 2114 408 2176 haec
423 2132 515 2196 quum
541 2110 801 2175 inflammarentur
826 2115 931 2195 animi,
953 2129 989 2181 ut
1018 2118 1057 2180 cd
1086 2138 1222 2202 quosque

178 2212 301 2266 ventum
327 2212 403 2278 erat,
429 2219 571 2261 numerus
589 2195 745 2280 juniorum
775 2202 1032 2267 conscribebatur.
1077 2203 1126 2271 lta
1148 2228 1217 2269 om·

179 2290 263 2363 nium
289 2287 469 2373 populorum
492 2282 634 2367 juventus
654 2286 781 2349 Antium
797 2301 965 2371 connects,
989 2292 1031 2354 ibi
1047 2293 1152 2356 castris
1164 2314 1221 2378 po-

180 2376 246 2438 sitis
283 2376 404 2437 hostem
442 2373 685 2457 obpen'ebautur.
743 2378 819 2451 Qua
858 2377 910 2439 ubi
941 2379 1073 2443 tumultu
1106 2379 1222 2464 majore

181 2462 286 2541 etiarn,
313 2482 404 2543 quam
427 2482 474 2523 res
499 2470 573 2539 erat,
598 2461 779 2523 nunciantur
794 2462 937 2541 Romam,
958 2477 1081 2528 senatus
1101 2480 1221 2546 extem·

180 2550 232 2634 plo
246 2547 341 2632 (quod
356 2549 387 2612 in
406 2548 494 2611 rebus
520 2545 646 2630 trepidis
672 2548 814 2612 ultimum
836 2550 995 2614 consilium
1018 2552 1096 2634 erat)
1121 2553 1220 2616 dicta-

181 2647 278 2700 torem
293 2635 354 2698 dici
369 2633 471 2716 jussit.
487 2654 577 2716 quam
602 2654 665 2696 rem
680 2655 758 2717 agre
773 2658 878 2720 passos
897 2635 1014 2702 Julium
1029 2639 1221 2703 Cornelium·
1289 2694 1294 2700 .

180 2743 238 2805 que
263 2723 363 2785 lerunt
374 2743 385 2799 3
408 2740 580 2802 magnoque
602 2722 769 2784 certamine
799 2724 967 2787 animorum
998 2747 1063 2788 rem
1098 2740 1221 2790 actam:

180 2831 272 2893 quum
290 2809 436 2893 primores
459 2807 592 2886 Patmm,
613 2808 819 2893 nequidquam
838 2814 1008 2894 conquesti,
1030 2835 1092 2877 non
1108 2837 1174 2877 esse
1189 2815 1221 2876 in

179 2897 363 2962 auctoritate
384 2907 506 2958 senatus
521 2895 656 2958 tribunos
683 2894 825 2976 militum,
848 2909 1004 2982 postremo
1018 2902 1111 2964 etiam
1126 2903 1223 2965 tribu·

181 3003 237 3046 nos
254 2983 351 3066 plebei
364 2992 377 3021 ⁰
392 2982 590 3066 adpellerent,
606 2994 638 3046 et
652 2984 826 3047 consulibus
838 3007 957 3068 quoque
972 2989 1012 3050 ab
1023 3007 1060 3050 ea
1069 3000 1224 3072 potestate

180 3071 242 3130 rim
264 3088 352 3151 super
376 3068 431 3130 tali
456 3089 488 3130 re
510 3069 679 3130 inhabitam
698 3069 863 3133 referrent:
887 3072 1000 3134 tribuni
1026 3074 1137 3158 plebei,
1161 3074 1221 3137 laeti

182 3155 335 3220 discordia
357 3153 490 3231 Petrum,
510 3155 586 3215 nihil
610 3175 675 3216 esse
689 3156 720 3216 in
739 3156 786 3216 his
810 3157 914 3218 armilii
928 3158 1075 3237 dicerent,
1090 3161 1141 3241 qui
1161 3182 1224 3223 non

182 3242 305 3317 civium,
330 3261 391 3302 non
422 3239 550 3320 denique
571 3240 728 3302 hominum
746 3261 874 3304 numero
899 3253 1022 3322 essent3
1046 3246 1072 3306 si
1103 3247 1225 3327 quando

182 3326 345 3413 promiscui
360 3326 500 3402 honores,
521 3327 547 3366 ³⁸
561 3326 786 3387 communicata
806 3329 976 3411 respublica
995 3343 1085 3409 esset,
1111 3344 1177 3395 tum
1192 3355 1225 3395 se
1322 3379 1325 3387 ·

183 3412 454 3489 aalmadversuros,
466 3431 504 3472 ne
519 3431 589 3494 qua,
611 3412 751 3494 superbia
762 3415 1005 3496 magistratuum,
1030 3417 1117 3481 irrita
1135 3442 1224 3483 sena-

183 3499 374 3566 tusconsulta
395 3508 514 3576 essent3
540 3498 660 3562 iuterim
686 3498 817 3582 patricii,
840 3501 932 3565 soluti
948 3503 1049 3586 legum
1064 3508 1224 3588 magistra-

185 3601 331 3670 tuumque
344 3585 533 3666 verecundia,
563 3605 618 3669 per
641 3607 673 3648 se
695 3606 815 3671 quoque
834 3589 1027 3655 tribuniciam
1042 3605 1226 3677 potestatem

242 3687 320 3737 rent.

184 3697 323 3825 agerlI.
346 3759 421 3825 Haec
457 3761 613 3824 eontentio
647 3759 772 3824 minime
805 3762 916 3827 idoneo
950 3778 1099 3852 tempore,
1133 3790 1226 3852 quum

184 3861 304 3914 tanturn
330 3849 400 3912 belli
419 3848 451 3910 in
475 3847 616 3910 manibus
631 3862 722 3928 esset,
737 3865 938 3934 occupaverat
950 3855 1155 3937 cogitationes
1170 3857 1228 3918 ho·

184 3938 320 4020 mipum:
344 3937 453 4015 donec,
468 3936 519 3998 ubi
536 3935 587 3997 diu
613 3935 738 3998 alternis
757 3935 857 4001 Julius
873 3937 1101 4023 Corneliusque,
1115 3943 1228 4024 ‘quum

185 4027 196 4060 ‘
211 4024 252 4088 ad
268 4024 299 4087 id
317 4022 430 4086 bellum
441 4023 498 4106 ipsi
510 4023 585 4085 satis
601 4021 701 4085 idonei
717 4023 808 4086 duces
823 4038 936 4105 esseut,
951 4048 1012 4090 non
1024 4048 1089 4090 esse
1099 4050 1229 4112 requam,

184 4113 386 4175 ‘mandatum
406 4111 463 4172 sibi
483 4132 503 4172 a
524 4110 638 4194 populo
659 4110 734 4194 eripi
759 4095 931 4193 hbuorem,’
952 4114 1139 4196 disseruere,
1162 4128 1228 4180 tum
1305 4125 1308 4129 ’

434 4309 438 4322 .
508 4275 903 4346 'plebiGromsicetpeulloposa
978 4328 983 4341 ,

215 4421 240 4461 ³⁵
254 4423 332 4477 Dicta
344 4423 431 4490 laen]
449 4383 581 4492 Suspicatus
597 4427 688 4478 Gronc·
721 4427 830 4480 rietatem
850 4428 981 4497 reipublice
1006 4431 1113 4496 made
1141 4432 1233 4484 eduini

159 4489 243 4608 ‘rinsq
251 4492 634 4626 fwmqotmwhbpn
652 4575 689 4614 w
720 4496 814 4564 plebeii.
