3175 5200
385 358 443 420 us
795 346 880 416 '1¹1'ss
898 346 1012 415 mvn.

213 542 247 595 u,
258 542 353 599 Mes.
384 515 417 577 in
428 515 635 601 insequentem
645 513 732 578 diem
754 516 948 598 pronunciari
968 534 1060 600 quum
1070 511 1219 599 jussisset,
1238 515 1338 598 prima
1356 514 1423 579 lnce

215 610 353 663 acuta.
384 605 513 668 classico
529 606 647 687 signum
673 602 871 683 profectionis
892 602 986 665 dedit.
1030 603 1131 673 Quum
1160 604 1295 665 maxime
1315 625 1425 686 agmen

357 734 359 741 ·
384 693 523 755 constris
548 690 756 774 explicaretur,
771 686 886 766 Volsci,
907 700 941 750 ut
961 689 1069 750 eodem
1092 690 1180 771 signo
1200 692 1342 770 excitati,
1366 713 1423 753 no·

211 790 287 855 nuga.
344 780 519 842 ..vissimos
549 776 734 839 adoriuntur.
777 774 808 835 Α
827 776 933 855 quibus
963 775 1096 857 perlatos
1119 776 1158 837 ad
1173 777 1287 860 primos
1307 779 1422 841 tumul·

381 876 440 945 tus,
452 888 490 927 eo
508 884 618 947 pavore
632 864 778 943 signaque.
799 872 832 923 et
845 862 966 923 ordines
980 864 1123 942 turbavit,
1143 875 1178 926 ut
1201 885 1299 947 neque
1326 866 1422 949 impe-

381 952 427 1013 ria
446 950 594 1027 exaudiri,
619 968 716 1029 neque
731 947 838 1008 instrui
861 948 942 1010 acies
967 961 1102 1032 possent.
1124 970 1215 1013 nemo
1234 953 1333 1030 ullbrs,
1363 952 1422 1014 nisi

379 1037 467 1119 iirgae,
493 1055 619 1097 memor.
663 1030 712 1095 Ita
734 1032 829 1095 effuso
846 1036 966 1117 agmine
981 1040 1007 1082 ³⁷
1017 1058 1072 1119 per
1101 1050 1232 1121 stragem
1259 1060 1420 1122 corporum

379 1126 590 1205 nrmommqu'e
614 1140 742 1199 evasere,
768 1131 804 1182 ut
817 1120 900 1205 prius
915 1123 1013 1185 hostis
1040 1124 1198 1187 desisteret
1218 1127 1314 1208 sequi,
1329 1147 1419 1209 quam

378 1209 535 1273 Romanus
564 1208 679 1291 fugere.
721 1206 873 1286 Tandem,
906 1210 1055 1273 conlectis
1087 1231 1127 1273 ex
1163 1212 1308 1295 dissipato
1331 1234 1420 1276 cursu

376 1297 534 1376 militibus,
564 1295 680 1374 consul,
710 1314 803 1377 quum
833 1296 1004 1359 revocando
1025 1298 1231 1379 nequidquam
1260 1321 1328 1362 suos
1350 1300 1420 1383 perss

376 1392 494 1446 secutus
520 1395 610 1462 esset,
640 1382 672 1444 in
710 1393 822 1465 pacato
849 1404 923 1465 agro
946 1396 1048 1447 castra
1070 1385 1192 1467 posuit3
1215 1384 1421 1468 advocataque

376 1472 534 1550 concione,
572 1470 708 1532 invectus
742 1469 826 1531 haud
853 1468 931 1532 salso
963 1471 994 1532 in
1031 1471 1219 1555 proditorem
1255 1475 1419 1536 exercitum

375 1558 513 1621 militaris
534 1557 710 1640 disciplinae,
741 1556 925 1620 desertorem
954 1558 1135 1640 signorum3
1168 1560 1344 1643 ubi-signa,
1366 1562 1417 1623 ubi

375 1666 460 1708 arma
474 1656 586 1725 essent,
606 1643 740 1726 singulos
755 1645 901 1725 rogitans,
916 1645 1045 1707 inermes
1068 1646 1191 1726 milites,
1208 1647 1296 1729 signo
1306 1648 1417 1709 amisso

374 1732 551 1815 signiferos3
583 1732 622 1793 ad
652 1732 712 1794 hoc
739 1732 931 1795 centuriones
945 1734 972 1771 ⁸⁸
988 1731 1241 1816 duplicariosque,
1264 1735 1316 1815 qui
1346 1736 1416 1796 reli-

375 1833 503 1901 querant
532 1819 665 1898 ordines,
689 1818 781 1901 virgis
797 1841 889 1881 casos
912 1822 1008 1881 securi
1031 1822 1188 1902 percussit.
1211 1832 1313 1883 cetera
1332 1813 1431 1883 mul?

374 1908 475 1971 titudo
484 1918 566 1971 sorte
579 1907 714 1970 decimus
729 1906 855 1989 quisque
869 1906 908 1969 sd
923 1908 1103 1991 supplicium
1118 1908 1202 1972 lecti.

416 1993 485 2058 er.
510 1994 627 2058 Contra
655 2014 692 2056 ea
711 1993 753 2055 *in
767 1991 877 2077 AEquis
910 1995 988 2057 inter
1020 1995 1176 2059 consulem
1213 2016 1248 2058 ac
1285 1996 1414 2059 militem

295 2094 310 2110 ··
373 2083 520 2147 comitate
550 2102 586 2145 sc
617 2080 770 2145 beneliciis
793 2092 941 2144 certatum
974 2094 1032 2145 est.
1058 2094 1090 2145 et
1125 2094 1235 2146 namra
1255 2083 1416 2155 Quinctius

253 2196 260 2211 ·
321 2160 341 2203 ⁰·
372 2181 440 2234 erat
456 2170 564 2250 lenior,
590 2183 622 2232 et
647 2168 761 2231 saevitia
782 2168 886 2231 infelix
909 2168 1042 2253 college,
1064 2190 1124 2251 quo
1150 2170 1175 2231 is
1191 2171 1287 2252 magis
1301 2170 1416 2253 gaude-

372 2270 419 2323 ret
452 2257 575 2341 ingenio
605 2276 670 2336 suo,
704 2254 870 2319 effecerat·
900 2254 982 2319 Huic
1018 2269 1112 2320 tantae
1134 2258 1304 2319 concordie
1330 2257 1415 2320 ducis

372 2346 658 2427 cicercitusque'non
673 2344 737 2406 ausi
758 2342 877 2406 obferre
898 2364 942 2423 se,
964 2340 1058 2427 AEqui
1073 2344 1175 2426 vagari
1190 2354 1213 2383 ¹¹²
1227 2345 1415 2428 populabun-

372 2434 445 2495 dum
460 2432 582 2495 hostem
610 2452 663 2513 per
692 2450 783 2515 agros
812 2431 903 2514 passi.
946 2428 1012 2492 Nec
1035 2431 1099 2493 ullo
1128 2442 1201 2493 ante
1226 2432 1305 2493 bello
1327 2431 1414 2493 latius

371 2520 451 2581 inde
469 2530 544 2581 acta
564 2518 681 2602 praedaes
715 2517 813 2584 omnis
835 2518 925 2580 militi
948 2518 1021 2580 data
1052 2527 1118 2581 est.
1164 2518 1362 2581 Addebantur
1382 2530 1415 2581 et

371 2607 486 2686 laudes,
509 2606 626 2689 quibus,
649 2606 731 2667 haud
746 2605 845 2667 minus
857 2627 948 2687 qnam
969 2607 1104 2690 praemio,
1122 2607 1259 2688 gaudent
1282 2590 1413 2669 miliium

371 2693 476 2757 animi.
511 2692 591 2756 'I‘um
623 2693 703 2772 duci,
740 2705 806 2755 tum
837 2704 961 2777 propter
993 2695 1101 2756 ducem
1129 2693 1264 2754 Patribus
1293 2715 1413 2774 quoque

370 2779 519 2863 placatior
541 2781 692 2844 exercitus
718 2779 831 2857 rediit3
866 2781 923 2842 sibi
945 2792 1112 2864 parentem,
1142 2780 1227 2841 alteri
1267 2781 1412 2842 exercitui

372 2867 528 2930 dominum
555 2867 660 2930 datum
674 2867 713 2928 ab
733 2877 851 2945 senatu,
866 2889 1049 2930 memorans.
1071 2864 1163 2928 Varia
1187 2867 1308 2928 fortuna
1329 2867 1413 2945 belli,

370 2955 466 3017 atroci
495 2955 646 3017 discordia
676 2954 758 3016 dorni
786 2953 918 3036 forisque
944 2977 1056 3018 annum
1081 2965 1232 3032 exactum,
1263 2953 1412 3034 insignem

252 3058 254 3066 ’
369 3043 503 3104 maxime
525 3042 652 3105 comitia
674 3042 787 3103 tributa
807 3042 956 3120 efficiunt3
980 3064 1027 3105 res
1041 3045 1068 3082 ³⁹
1084 3040 1181 3123 major
1203 3041 1331 3104 victoria
1344 3061 1411 3102 sus·

369 3129 451 3214 ce'pti
471 3129 655 3208 certaminis,
680 3149 771 3210 quam
796 3148 861 3190 usu.
887 3129 955 3211 plus
985 3129 1067 3190 enim
1095 3127 1250 3210 dignitatis
1277 3127 1411 3190 comitiis

369 3217 447 3299 ipsis
467 3207 638 3278 detradtum
649 3227 706 3292 est,
721 3213 859 3276 Patribus
883 3235 922 3276 ex
937 3215 1068 3278 concilio
1083 3213 1306 3294 submovendis,
1316 3235 1411 3296 quam

369 3303 476 3364 virium
491 3313 545 3365 aut
559 3301 640 3384 plebi
656 3299 793 3362 additum
806 3313 853 3365 est
862 3311 888 3378 ¹²,
911 3311 964 3363 aut
974 3301 1111 3363 demtum
1121 3299 1269 3363 Patribus.

200 3405 231 3454 u.
244 3405 273 3456 c.
285 3408 340 3461 nel.
413 3387 496 3451 LXI.
518 3386 733 3450 Turbulentior
762 3387 833 3449 inde
859 3408 955 3449 annus
981 3389 1113 3470 excepit,
1137 3385 1173 3449 1..
1199 3386 1333 3468 Valerio,
1361 3387 1410 3456 Ti.

155 3535 160 3553 ,
199 3471 339 3585 &3¹⁴⁶ss-
369 3471 497 3536 AEmilio
519 3473 702 3554 consulibus,
727 3485 820 3535 cum⁰
835 3487 957 3557 propter
975 3475 1143 3536 certamina
1157 3475 1297 3537 ordinum
1312 3475 1350 3537 de
1365 3477 1409 3537 le·

198 3551 335 3652 ,152⁰AE
369 3581 408 3644 ge
434 3559 562 3642 agraria,
583 3572 648 3623 tum
676 3571 800 3642 propter
820 3559 971 3643 judicium
985 3561 1045 3646 Ap.
1061 3559 1202 3633 maeuii:
1226 3563 1275 3624 cui
1298 3563 1408 3624 acerri-

200 3665 340 3719 mmscm
369 3669 421 3711 mo
437 3647 607 3709 adversario
633 3646 719 3729 legis,
746 3668 943 3731 caussamque
965 3669 1169 3733 possessorum
1198 3649 1310 3732 publici
1335 3649 1409 3730 agri,

368 3738 396 3776 ⁴⁰
411 3747 568 3819 tamquam
588 3734 678 3799 tertio
699 3734 826 3814 consuli,
856 3736 1024 3816 sustinenti,
1046 3735 1093 3798 M.
1104 3735 1224 3800 Duilius
1239 3747 1271 3800 et
1281 3734 1318 3799 C.
1333 3733 1410 3798 Sici·

559 3895 577 3924 ⁹¹
587 3905 608 3940 se
618 3886 704 3952 AEqni,·
720 3889 799 3952 uagari
809 3885 881 3936 Gron.
892 3887 960 3940 Cres.
981 3905 1003 3939 ss
1013 3887 1093 3952 Equi,
1101 3905 1151 3953 eug.
1162 3887 1237 3938 Doer.

621 3961 634 3987 ¹¹
649 3958 682 4004 est
691 3951 737 4003 del.
749 3953 824 4000 Grou.
835 3954 905 4007 Cres.
1032 3963 1044 3986 ⁰
1055 3963 1103 4003 nass
1114 3951 1178 4003 aaa.

398 4060 420 4102 ³⁷
437 4059 511 4112 'Per
519 4070 612 4128 stragem
629 4075 874 4125 commoramur·
935 4062 958 4100 ³⁰
974 4060 1106 4126 Βαγώαν]
1117 4062 1171 4112 vu.
1182 4073 1232 4111 not.
1242 4061 1279 4111 1³.
1290 4058 1318 4108 ad
1329 4073 1350 4108 c.
1360 4058 1400 4108 56.

364 4127 416 4190 que]
431 4128 476 4177 Per
485 4145 577 4194 corpora
588 4143 695 4192 annaque
704 4138 774 4176 strata
790 4128 873 4193 passim
936 4129 960 4161 ⁴⁰
977 4127 1091 4190 Tanquam
1123 4130 1187 4178 totio
1220 4125 1312 4188 mamb]
1350 4121 1410 4174 llaec

366 4191 468 4253 inseris.
903 4205 950 4241 non
979 4192 1010 4241 ite
1030 4193 1126 4256 intelligi
1147 4194 1240 4251 debent,
1258 4190 1321 4254 quasi
1344 4205 1410 4238 wm-

397 4256 586 4323 ³⁰·D=epliourios]
615 4257 664 4314 Qui
690 4260 788 4326 duplicia
810 4259 874 4310 ciba·
904 4259 968 4306 muni
994 4275 1048 4307 eum
1076 4260 1163 4308 duobm
1182 4258 1313 4308 consulibus
1333 4257 1410 4305 animo

364 4321 439 4371 riaob
456 4321 566 4371 sirtnnm
583 4325 717 4389 acciperem.
751 4327 871 4376 Uritatum
903 4324 959 4388 ipse,
978 4332 1090 4388 tanquam
1109 4327 1193 4375 cenius
1211 4324 1299 4382 mosol,
1321 4338 1409 4386 posses-

363 4387 408 4437 fuit
430 4386 489 4451 apud
512 4386 625 4439 &mnus
651 4391 694 4440 boc
716 4394 778 4442 modi
799 4393 871 4441 virtu·
900 4404 978 4438 sorum
1000 4404 1092 4439 causam
1112 4391 1258 4441 sustineret..
1301 4389 1410 4452 Uterque

363 4465 413 4503 mm
428 4452 550 4511 militarem
563 4469 719 4516 temuntmt·
751 4459 870 4516 vitute.
900 4456 1055 4505 enimcoasul
1072 4458 1163 4507 favebat
1188 4457 1241 4518 legi,
1260 4455 1321 4518 quod
1341 4455 1410 4504 docet

364 4519 462 4594 snat.
549 4523 550 4526 ’
770 4526 808 4534 ’“
842 4527 860 4532 ”
900 4517 1410 4598 brunwillarensium
