3175 5200
498 374 575 435 LlB.
597 372 651 436 111.
683 374 764 437 CAP.
784 366 835 435 ld.
1143 378 1202 439 205

159 532 266 597 Rome
281 531 448 612 audierant,
471 535 650 619 perturbati,
678 533 812 596 elius·in
842 530 934 595 aliam
949 546 1067 616 partem
1083 546 1201 598 castro·
1213 526 1288 579 ¹¹1⁰·
1298 529 1370 581 ³⁰⁵³
1436 544 1440 551 '

158 644 237 702 rum,
257 624 297 685 ad
318 622 468 685 sedandos
487 634 588 685 motus
614 621 810 683 discurruntr
845 631 877 681 et
909 620 1018 683 letriter
1039 593 1355 704 agentibusm'ffl‘

159 730 334 793 responsum
346 730 408 773 non
423 709 576 773 redditur:
598 708 758 791 imperium
775 708 801 767 si
823 706 890 787 quis
912 706 1072 785 inhiberet,
1085 709 1140 771 ‘et
1153 709 1199 770 vi·

159 795 170 827 ‘
185 818 234 857 ros
243 808 275 859 et
284 793 553 872 annatosseesse,’
575 794 784 878 respondetur.
805 792 889 855 Eunt
897 794 1020 875 agmine
1036 795 1075 856 ad
1084 797 1199 874 urbem,
1212 803 1335 881 Exercitus

159 893 191 945 et
205 882 389 946 Aventinum
404 882 557 959 insidunt;
587 892 622 945 ut
649 882 774 962 quisque
804 880 991 956 obcurrcret,
1011 881 1130 964 plebem
1161 871 1354 948 ,deversentur

160 970 357 1052 repetendam
387 970 561 1033 libertatem
593 968 800 1047 creandosque
824 967 1072 1114 tribunosglebis
1087 936 1299 1031 adnot-'⁰⁹³³'

158 1066 269 1118 tentes.
292 1057 353 1119 ulia
374 1077 434 1119 vox
462 1057 546 1117 nulla
575 1055 710 1117 violenta
735 1053 842 1115 audita
867 1063 924 1115 est.
992 1066 1115 1116 matum
1147 1053 1202 1139 Sp.

158 1140 274 1224 Oppius
304 1144 418 1207 babet:
457 1143 534 1204 nihil
564 1141 666 1224 placet
688 1158 792 1223 aspere
829 1140 905 1220 agi:
931 1140 1043 1222 quippe
1067 1142 1107 1203 ab
1129 1142 1202 1224 ipsis

155 1230 183 1267 '⁶
199 1228 306 1291 datum
329 1229 429 1291 locum
444 1227 603 1291 seditionis
624 1248 700 1288 esee.
744 1224 913 1288 Mittuntur
935 1236 997 1289 tres
1018 1227 1111 1309 legati
1126 1249 1201 1290 eon-

157 1313 281 1393 sulares,
297 1312 353 1397 Sp.
366 1314 526 1397 Tarpeius,
551 1312 588 1375 C.
602 1311 712 1388 Julius,
724 1315 751 1358 ¹⁷
762 1310 827 1373 Pe.
843 1309 1006 1394 Sulpicius,
1018 1315 1069 1395 qui
1086 1335 1201 1396 quaere·

158 1412 226 1463 rent
241 1414 364 1465 senatus
380 1401 488 1478 verbis,
504 1398 609 1482 ‘eujus
616 1397 701 1480 jussu
716 1410 819 1461 eastre
826 1397 1029 1461 deseruissent
1042 1400 1054 1461 l
1065 1415 1118 1464 aut
1127 1403 1201 1483 quid

159 1486 170 1518 ‘
184 1487 240 1549 sibi
251 1488 375 1565 vellent,
381 1488 432 1569 qui
439 1486 548 1549 armati
555 1483 741 1549 Auentinum
750 1485 959 1549 obsedissent?
970 1486 1108 1569 belloque
1114 1509 1200 1550 aver·

158 1571 170 1605 ‘
183 1594 219 1635 so
239 1572 279 1635 ab
290 1574 436 1647 hostibus·
446 1574 577 1656 patriam
591 1592 677 1635 suam
698 1572 850 1655 cepissent
863 1569 886 1633 l'
901 1569 973 1634 Non
994 1573 1101 1652 deurit,
1116 1576 1201 1656 quod

159 1659 410 1743 responderetur:
432 1660 547 1737 deerat,
572 1660 622 1741 qui
638 1660 725 1722 deret
740 1679 928 1742 responsum,
942 1657 1099 1722 nullodum
1114 1673 1200 1723 certo

159 1745 247 1824 duce,
272 1766 329 1809 nec
359 1746 436 1809 satis
464 1746 645 1809 sudentibus
660 1745 785 1828 singulis
816 1745 935 1808 invidie
960 1766 993 1809 se
1015 1747 1143 1809 obferre.
1167 1748 1200 1809 id

159 1832 282 1894 modos
297 1832 490 1898 multitudine
499 1832 725 1895 conclamatum
734 1844 792 1911 eet,
816 1833 874 1895 ‘nt
885 1830 921 1894 b.
936 1831 1091 1897 Valerium
1106 1846 1138 1896 et
1152 1833 1199 1898 Μ.

148 1916 170 1981 .‘
183 1915 349 1983 Horatium
364 1920 404 1983 ad
416 1942 448 1983 se
459 1920 629 1983 mitterent.
642 1920 689 1981 his
699 1940 733 1981 se
748 1919 876 1982 daturos
890 1920 1090 2003 responsum?

200 2002 251 2067 LI.
276 2001 417 2069 Dimissis
432 2007 551 2089 legatis,
566 2007 712 2069 admonet
726 2006 839 2068 milites
848 2004 1013 2087 Virginius,
1029 2007 1079 2069 ‘in
1092 2030 1124 2071 re
1139 2009 1205 2070 non'

157 2089 168 2123 ‘
183 2094 318 2156 maxima
334 2094 438 2176 paullo
451 2106 523 2157 aute
535 2093 719 2176 trepidatum
734 2110 809 2170 esse,
824 2093 897 2175 quie
907 2093 973 2156 sine
986 2095 1201 2177 capitemulti-

158 2178 257 2240 ‘tudo
273 2179 384 2241 sueritt
408 2200 654 2263 responsumque,
673 2199 859 2263 quamquam
871 2200 934 2242 non
949 2181 1107 2261 inutiliter,
1137 2182 1199 2243 lor-

157 2261 263 2327 ‘tuito
275 2276 378 2327 tamen
401 2267 499 2347 magis
511 2286 670 2344 consensu,
693 2287 784 2347 quam
801 2268 957 2329 communi
974 2268 1103 2331 consilio
1122 2289 1199 2330 esse.

157 2348 169 2380 ‘
185 2347 307 2425 Placere
323 2352 429 2415 decern
444 2354 549 2430 creari,
561 2354 611 2435 qui
627 2372 752 2415 summae
767 2354 811 2415 rei
826 2365 998 2436 praeessent,
1014 2355 1200 2437 militarique

107 2490 118 2499 .
157 2434 297 2500 ‘honore
323 2439 460 2501 tribunos
484 2438 793 2521 militumadpellari.’
838 2439 940 2509 Quum
960 2441 1084 2501 adeum
1100 2443 1199 2524 ipsum
1212 2444 1311 2525 Tribuni

157 2523 288 2672 prbimum
301 2525 326 2587 is
349 2526 447 2636 honqs
466 2526 642 2644 deferret‘ur,
665 2528 675 2559 ‘
685 2522 871 2674 ‹lillelioribqls
883 2527 960 2588 meis
959 2527 1198 2676 ἦεεῑήεῖιιεῇῐιε-
1213 2512 1320 2560 urbium

203 2631 238 2672 us
261 2625 421 2690 reservate,
460 2612 569 2693 inquit,
611 2613 670 2674 istu
707 2633 787 2674 eme
798 2611 834 2694 ju
858 2613 926 2674 'cim
992 2634 1028 2675 ec
1042 2615 1084 2675 mi
1098 2615 1120 2676 ri
1168 2615 1199 2677 ia

158 2696 281 2760 ‘inulta
296 2698 443 2760 honorem
453 2698 547 2760 ullum
558 2696 727 2779 jucundum
737 2719 803 2760 esse
815 2700 931 2781 patitur
943 2720 953 2777 3
967 2701 1064 2762 necin
1079 2713 1198 2784 pertur-

155 2781 254 2846 ‘bata
278 2785 434 2868 republica
460 2806 511 2848 eos
548 2785 623 2848 utile
644 2797 693 2847 est
717 2805 845 2867 praeesse
866 2785 964 2864 vobis,
986 2787 1039 2868 qui
1065 2789 1197 2870 proximi

156 2867 299 2934 ‘invidiae
314 2872 386 2935 siut.
409 2869 443 2934 si
453 2873 519 2955 quis
534 2892 604 2934 usus
616 2872 676 2934 mei
699 2883 756 2951 est,
772 2871 868 2934 nihilo
887 2873 988 2935 minor
1017 2895 1056 2936 ex
1078 2876 1199 2959 privato

155 2954 167 2986 ‘
182 2956 513 3040 capietur.’1tadecem
521 2979 647 3021 numero
655 2960 792 3022 tribunos
803 2960 950 3021 militares
961 2973 1078 3023 creant.
1089 2960 1198 3044 Neque
1211 2973 1293 3022 Moru·
1306 2977 1329 3024 m

156 3041 188 3102 iu
200 3039 320 3104 Sabinis
335 3045 449 3125 quievit
461 3044 621 3107 exereitus.
636 3045 679 3106 ibi
693 3064 824 3126 quoque,
846 3061 972 3110 auctore
986 3045 1074 3108 Icilio
1088 3046 1199 3111 Numi·
1210 3041 1289 3117 ἸΨ
1299 3057 1347 3090 ⁶²⁸·

156 3127 305 3208 torioque,
320 3130 449 3192 secessio
464 3131 503 3191 ab
524 3130 700 3193 decemviris
718 3130 802 3193 sacta
821 3143 878 3210 est,
901 3152 963 3194 non
978 3133 1097 3195 minore
1111 3145 1199 3196 motu
1210 3116 1263 3152 ω’·

158 3212 328 3276 animorum
345 3212 438 3278 Siccii
454 3215 544 3277 caedis
570 3216 718 3278 memoria
732 3228 884 3294 revocata,
907 3236 1000 3297 quern
1014 3237 1106 3299 quem
1119 3223 1211 3281 nora'

155 3297 239 3361 sams
260 3299 298 3361 de
318 3299 433 3382 virgine
447 3309 463 3339 ¹²
479 3301 555 3362 adeo
569 3301 649 3363 foede
665 3299 705 3362 ad
720 3301 878 3364 libidinem
893 3303 992 3385 petita
1006 3305 1198 3370 accenderat.

157 3382 259 3448 Icilius
289 3386 341 3447 ubi
379 3386 494 3449 audivit
517 3387 653 3450 tribunos
682 3387 814 3450 militurn
839 3389 869 3449 in
894 3387 1048 3452 Auentino
1068 3404 1199 3473 creatos,

156 3492 195 3534 ne
221 3472 416 3536 comitiorum
439 3473 615 3536 militarium
631 3473 897 3556 ²⁸praerogatiuam
926 3477 1043 3538 urbana
1071 3481 1199 3543 comitia

156 3558 263 3620 iisdem
285 3559 414 3622 tribunis
443 3559 539 3642 plebis
565 3559 704 3622 creandis
731 3575 937 3642 sequerentur,
965 3566 1081 3648 peritus
1098 3587 1199 3629 rerum
1211 3590 1260 3640 Alit
1273 3591 1360 3641 ratuni

155 3645 348 3728 popularium
375 3645 585 3730 inminensque
605 3647 633 3708 ei
657 3648 814 3731 potestati,
840 3660 872 3712 et
899 3649 965 3732 ipse
984 3651 1078 3734 prius,
1107 3672 1200 3735 quarn
1211 3657 1330 3708 militares

156 3731 248 3795 iretur
263 3732 301 3795 od
317 3732 434 3812 urbem,
454 3734 520 3818 pari
542 3744 698 3817 potestate
725 3735 866 3797 eumdem
892 3757 1050 3802 numerum
1075 3739 1114 3801 ab
1138 3742 1200 3802 suis

267 3893 276 3906 ·
344 3873 420 3924 ¹²¹Ser.
432 3873 502 3925 Crer.
727 3871 857 3938 evagina
867 3873 1022 3926 cmcm.

188 4002 210 4039 ὕ
226 4003 312 4054 Detusr
321 4007 392 4056 loeurn
405 4009 516 4058 aeditimis
530 4004 581 4072 esee]
599 4006 661 4069 Lege
692 4007 747 4055 ritas
755 4006 810 4066 fult,
818 4017 854 4065 ut,
863 4017 925 4056 teste
935 4006 986 4056 tae.
997 4023 1040 4072 pre
1050 4007 1116 4056 Mur.
1127 4021 1151 4055 n.
1158 4007 1199 4059 38.

153 4072 296 4129 rediemus
306 4089 373 4136 supra
384 4089 405 4123 c.
413 4075 454 4123 46.
692 4087 772 4134 temper
781 4089 843 4121 ceren
856 4073 952 4121 uelumt
964 4075 1143 4138 mangonem,
1153 4075 1168 4119 i.
1176 4089 1198 4122 e.

185 4138 208 4172 ¹⁷
225 4137 273 4186 Ser.
288 4137 410 4202 Sulpicius]
430 4137 484 4186 vid.
506 4149 555 4187 not.
569 4139 610 4188 36.
631 4138 660 4186 ad
692 4140 846 4202 prerogativa
861 4139 1001 4188 seutentiam
1021 4137 1094 4201 majm
1109 4154 1200 4201 semper

156 4214 178 4248 c.
189 4203 229 4250 31.
239 4217 313 4266 supra.
691 4201 848 4264 suffragiorum
875 4217 986 4252 numerus
1013 4204 1199 4267 comprobaverit.

188 4264 210 4298 ²⁸
225 4263 407 4333 Prmgntm]
418 4269 660 4334 Pmegetinaeaent
693 4268 782 4317 Metuit
800 4269 870 4330 igitur
880 4267 965 4326 Icilius,
983 4285 1023 4331 ne,
1039 4271 1099 4317 sicut
1115 4281 1200 4317 ceterae

156 4329 205 4376 eive
220 4329 362 4390 triumuiro
382 4336 494 4392 centurie.
517 4351 569 4398 quse
587 4336 659 4397 primu
691 4334 764 4382 tribue
781 4335 936 4397 praerogative
948 4337 1095 4393 sententiam,
1112 4335 1143 4382 ita
1161 4351 1200 4382 co-

145 4395 425 4459 aententirmrogaberur.
459 4401 578 4450 Interdum
589 4401 660 4448 etiarn
693 4399 810 4447 mitiorum
828 4399 962 4448 militurlum
982 4401 1096 4465 judicium
1114 4400 1202 4449 mana

156 4469 330 4536 ruurpqturpro
340 4465 458 4527 ipsalllius
468 4465 672 4526 distribuerint
692 4465 782 4516 sumitis
793 4475 953 4530 sequerentur.

155 4535 269 4576 emtunre
277 4531 398 4579 meeth.
418 4529 564 4596 diruerent·
581 4542 659 4585 arete·
709 4557 714 4566 ·
745 4559 748 4564 ·
770 4559 773 4564 ·
979 4555 984 4562 ·
