3175 5200
377 267 994 341 420.m11.1v11

213 444 356 498 u.c.t12.
377 427 542 508 ‘quintini¹
555 444 646 508 quem
660 420 1085 522 masticatis-egotamdem,
1099 442 1165 521 qnae
1178 419 1274 484 duxit
1287 419 1374 496 uae,
1395 438 1449 480 se-

216 513 248 560 Α·
258 511 287 560 ⁰·
298 509 356 558 ³⁴⁰·
379 513 480 634 :quar
501 513 664 576 fortunam·
705 507 1067 658 Qbmbthcnffipgqa
1084 506 1238 588 videntur,
1255 503 1448 590 agitedum,

408 595 922 761 mffimffieepffiemm,
941 682 1162 764 vadentemque
1178 703 1238 766 per
1269 677 1444 743 intermis-

333 815 338 826 ·
370 795 420 836 sa
448 771 595 838 custodiis
623 771 693 834 loca
705 767 836 832 Decium
850 768 948 832 secuti
961 783 1044 832 arnt.
1076 769 1148 834 Jam
1169 779 1343 832 masuam
1374 787 1446 828 ωε·
1524 782 1530 815 r

385 862 438 926 dia
452 873 562 940 castra,
592 877 685 942 quum
706 855 944 942 superscandens
958 857 1082 940 vigdum
1099 869 1196 920 strata
1216 876 1339 918 somno
1374 875 1446 916 cor-

384 971 460 1032 pora
489 947 575 1010 miles
598 945 714 1010 offenso
736 955 823 1006 scuto
846 943 976 1027 prebuit
1009 944 1153 1008 sonitum.
1180 965 1242 1026 quo
1275 939 1445 1004 excitatos

383 1035 456 1118 vigil
482 1055 576 1116 quum
591 1033 763 1116 proximum
778 1033 936 1109 movisset,
959 1032 1111 1114 erectique
1125 1028 1201 1092 alios
1220 1030 1443 1106 concitamur,

383 1121 480 1204 ignari
496 1121 575 1184 cives
601 1143 639 1182 an
655 1117 759 1182 hostes
775 1131 888 1195 essent,
902 1117 1073 1200 presidium
1087 1129 1272 1202 erumperet,
1298 1138 1346 1178 an
1363 1138 1442 1178 con-

383 1207 428 1270 sul
440 1221 541 1270 castra
557 1209 708 1290 cepisset:
732 1201 858 1282 Deciis,
867 1209 894 1245 ‘⁴
905 1226 1000 1285 quum
1018 1227 1081 1268 non
1096 1203 1246 1283 fallerent,
1259 1203 1440 1266 clamorem

382 1295 487 1358 tollere
497 1294 589 1378 jussis
615 1291 773 1371 militibus,
795 1291 933 1376 torpidos
957 1313 1066 1354 somno
1088 1292 1209 1376 insuper
1221 1312 1346 1375 pavore
1361 1313 1438 1354 exa-

383 1382 504 1460 nimat3
535 1403 595 1466 quo
608 1379 777 1481 praepediti,
801 1400 859 1440 nec
873 1399 959 1442 arma
976 1377 1094 1461 inpigre
1118 1400 1239 1462 capere,
1252 1399 1315 1442 nec
1331 1379 1438 1441 obsis·

382 1480 457 1548 tere,
481 1489 537 1529 nec
563 1467 680 1548 insequi
709 1477 862 1548 poteraut.
885 1461 969 1526 lnter
983 1465 1218 1548 trepidationem
1240 1466 1436 1528 tumultum-

382 1575 441 1635 que
471 1551 665 1628 Samnitium,
703 1551 876 1634 praesidium
897 1548 1082 1629 Romanum,
1118 1552 1213 1614 obuiis
1245 1553 1435 1616 custodibus

382 1640 475 1716 mis,
499 1637 538 1702 ad
570 1651 672 1700 castra
700 1637 832 1700 consulis
854 1639 1001 1721 pervadit.
1043 1637 1245 1722 Aliquantum
1268 1655 1434 1722 superent

215 1747 341 1796 mamas
380 1722 624 1806 noctis‚jamque
638 1721 747 1786 intuto
755 1723 1009 1786 videbanturesse
1019 1748 1030 1803 3
1050 1747 1143 1807 quum
1153 1723 1278 1805 Decius,
1302 1724 1430 1790 ‘blacti

214 1814 342 1889 enacim
382 1813 393 1846 ‘
406 1809 651 1893 virtute,'inquit,
660 1811 787 1872 ‘milites
796 1809 941 1888 Romani,
951 1825 1164 1875 eoncessum
1174 1813 1232 1875 iter
1244 1834 1282 1875 ac
1292 1814 1430 1897 reditum

216 1880 337 1955 ΜΨ
382 1899 512 1962 ‘omnia
525 1897 774 1962 seculalaudibus
789 1897 897 1963 serent.
920 1894 981 1960 Sed
990 1898 1032 1960 ad
1046 1900 1294 1982 conspiciendam
1304 1913 1430 1964 tanum

215 1945 283 2043 ”im
382 1985 548 2049 ‘virtutem
563 1985 630 2046 luce
651 2007 686 2048 ac
702 1984 751 2048 die
765 2005 842 2068 opus
852 1998 909 2051 est
926 2007 984 2048 uec
997 2008 1050 2048 ros
1065 1986 1150 2070 digni
1162 1989 1246 2066 estis,
1260 2007 1341 2070 quos
1355 2010 1427 2051 cum

382 2073 495 2136 ‘tauta
516 2072 615 2156 gloria
639 2073 671 2140 in
694 2083 795 2134 castra
809 2073 935 2135 reduces
948 2071 1101 2137 silentium
1116 2096 1152 2140 ac
1167 2095 1231 2138 nox
1249 2086 1349 2157 tegat.
1373 2075 1425 2138 hic

382 2160 505 2222 ‘lucem
520 2159 614 2242 quieti
637 2155 850 2242 opperiamur!
872 2155 973 2220 Dictis
986 2160 1242 2244 obtemperatum.
1257 2174 1354 2244 atque
1373 2164 1425 2224 ubi
1538 2224 1539 2229 ,

380 2245 512 2328 primum
539 2243 661 2324 inluxit,
686 2245 840 2328 premisso
866 2247 977 2311 nuncio
1003 2246 1044 2308 ad
1070 2247 1227 2310 consulem
1254 2248 1288 2310 in
1311 2264 1425 2328 castra,
1538 2232 1539 2303 l

382 2332 499 2414 ingenti
514 2331 627 2414 gaudio
641 2335 669 2371 ⁶³
682 2331 893 2394 concitantur:
914 2345 957 2412 et,
976 2336 1124 2395 “tessera
1149 2334 1233 2415 data,
1252 2335 1425 2400 incolumes

381 2417 500 2498 reverti,
517 2418 569 2500 qui
583 2439 639 2480 sua
658 2439 786 2502 corpora
804 2440 861 2502 pro
871 2418 968 2483 salute
982 2420 1119 2484 omnium
1134 2421 1219 2483 haud
1236 2422 1328 2484 dubio
1339 2425 1423 2506 peri·
1538 2492 1540 2521 r

381 2503 450 2565 culo
464 2502 658 2584 objecissent,
668 2525 725 2588 pro
736 2525 769 2565 se
783 2505 910 2587 quisque
925 2507 1046 2570 obviam
1060 2507 1145 2570 effiisi
1164 2507 1299 2592 laudaut,
1310 2523 1430 2592 grata-¹

380 2590 491 2671 lanmr,
514 2589 651 2672 singulos
675 2590 890 2673 universosque
905 2605 1071 2661 servatores
1086 2617 1159 2659 suos
1186 2610 1313 2659 vocant:
1344 2595 1421 2660 Diis

381 2675 484 2739 laudes
499 2688 661 2757 gratesque
677 2690 783 2759 agunt,
797 2675 929 2741 Decium
944 2680 976 2743 in
994 2682 1106 2745 mum
1118 2681 1223 2745 fermt.
1252 2680 1312 2744 Hic
1320 2680 1418 2745 Decii

380 2761 542 2825 caetrmsis
554 2760 724 2847 triumphus
735 2762 805 2843 fuir,
819 2765 989 2829 incedentis
997 2790 1052 2852 per
1062 2770 1166 2832 media
1176 2780 1268 2832 casua
1279 2790 1412 2833 cumar-
1538 2791 1539 2806 ¹

380 2861 465 2911 mato
489 2848 640 2934 prasidio,
662 2846 810 2933 conjectis
834 2850 867 2915 in
889 2874 960 2917 eum
985 2856 1121 2919 omnium
1145 2858 1249 2937 oculis,
1272 2868 1304 2921 et
1324 2858 1417 2921 omni

380 2935 494 2997 honore
521 2938 675 2999 tribunum
704 2930 821 2999 couiuli
843 2941 1044 3023 equentibus.
1094 2940 1159 3007 Ubi
1184 2945 1225 3007 ad
1246 2944 1421 3028 pretorium

379 3035 503 3099 uentum
527 3036 585 3105 est,
604 3024 710 3087 consul
726 3023 855 3087 classico
869 3026 910 3089 ad
932 3028 1112 3094 concionem
1127 3042 1294 3098 convocat:
1317 3052 1421 3095 orsm-

380 3131 438 3190 que
453 3110 577 3173 meritas
591 3108 680 3175 Decii
695 3110 811 3191 laudes,
825 3112 989 3177 interfante
1005 3117 1072 3199 ipso
1086 3115 1197 3199 Decio,
1212 3118 1329 3183 distulit
1342 3141 1421 3183 eon-

379 3198 501 3261 cionem
515 3220 524 3259 t
554 3199 611 3280 qui‘
619 3209 726 3261 auctor
740 3199 846 3261 omnia
858 3202 1074 3284 posthabendi,
1085 3206 1158 3267 dum
1174 3206 1296 3269 occasio
1310 3207 1342 3269 in
1352 3228 1422 3271 ma-

378 3281 466 3344 nibus
482 3296 572 3362 esset,
586 3286 719 3368 perpulit
733 3286 900 3366 consulem,
923 3302 959 3351 ut
977 3290 1094 3371 hostes,
1107 3304 1141 3354 et
1160 3305 1312 3363 nocturno
1325 3316 1422 3377 pavo-

379 3389 411 3428 re
421 3366 588 3447 adtonitos,
603 3382 636 3453 et
650 3372 732 3441 circa
753 3371 864 3435 collem
883 3376 909 3418 ⁶⁷
915 3376 1098 3455 castellatim
1120 3378 1295 3463 dissipatos,
1309 3382 1422 3465 adgra-

379 3452 510 3513 deretur.
531 3452 653 3515 credere
683 3458 776 3518 etiarn
800 3458 928 3539 aliquos,
949 3460 989 3521 ad
1015 3483 1047 3522 se
1073 3466 1259 3546 sequendum
1279 3471 1418 3549 emissos,

211 3560 343 3613 uacuum
377 3558 432 3619 per
453 3538 565 3599 saltum
584 3540 697 3621 vagari.
740 3542 838 3605 Jussae
859 3544 994 3626 legiones
1017 3568 1103 3611 arma
1123 3572 1251 3635 capere:
1275 3575 1418 3639 egressa-

210 3626 332 3678 Samntto·
377 3644 436 3705 que
448 3626 568 3704 casula,
589 3646 683 3707 qrurm
703 3648 758 3711 per
783 3630 990 3712 exploratores
1003 3636 1106 3698 notior
1115 3634 1183 3719 jam
1205 3641 1303 3705 saltru
1326 3657 1419 3724 ω,

375 3710 425 3771 via
439 3712 611 3793 patentiore
633 3713 674 3774 ad
702 3712 823 3777 hostem
837 3716 998 3783 docuntur.
1021 3742 1111 3802 quem
1131 3725 1288 3791 incautum
1310 3729 1416 3815 inpro-

295 3824 299 3833 ¹
375 3798 440 3862 viso
456 3797 579 3879 adorta,
595 3819 687 3881 quum
702 3800 798 3883 palati
812 3804 925 3885 passim
940 3803 1126 3873 Samnitium
1140 3812 1266 3895 milites,
1279 3815 1417 3900 plerique

374 3884 582 3963 immeancc
596 3886 680 3949 ooira
702 3887 734 3948 in
749 3908 855 3967 uuum,
878 3912 936 3954 nec
951 3915 1038 3957 arma
1057 3918 1178 3981 capere,
1200 3922 1259 3963 nec
1278 3904 1416 3986 racipere

374 3968 455 4032 intra
478 3972 591 4034 vallum
606 3992 639 4035 se
653 3986 786 4059 pomt,
805 3990 968 4059 paventem
988 3982 1120 4065 primum
1142 3987 1175 4048 in
1199 4003 1302 4051 castra
1327 4010 1414 4054 com-

269 4098 275 4113 ,
374 4054 512 4134 pellunt:
551 4058 661 4123 deinde
688 4072 789 4123 castra
810 4062 888 4145 ipsa,
909 4068 1039 4133 ttubatis
1061 4072 1254 4157 stationibus,
1275 4076 1416 4161 capiunt.

401 4208 540 4267 wem
559 4212 733 4281 susm]
752 4214 874 4272 nomn·
937 4220 962 4258 α
979 4198 1145 4293 raam]
1163 4230 1263 4283 unsa
1281 4248 1325 4301 μ
1346 4252 1416 4290 a«.

370 4286 417 4323 non
428 4274 556 4329 mum
565 4280 666 4343 honam,
680 4284 721 4333 ud
736 4284 810 4335 auditi
820 4285 874 4337 fue·
906 4287 979 4340 citum
990 4292 1070 4352 didita,
1079 4308 1172 4346 tmere
1180 4315 1235 4377 ope·⁸

370 4348 594 4473 msi'mr]
617 4394 847 4467 Militum·
904 4351 961 4471 h:
981 4355 1129 4427 wora]
1162 4365 1261 4429 ⁸5⁸³*
1291 4382 1335 4431 ΡΒ
1362 4369 1416 4431 8¹⁰·
