3175 5200
534 366 613 441 ΜΒ,
632 366 683 427 IV.
712 366 800 432 CAR.
815 366 854 427 Χ.
1160 376 1220 446 841,

179 520 297 585 Priores
311 518 425 602 Volsci,
456 521 533 585 duce
549 520 663 607 ,AEquo
693 523 803 589 Cloelio
811 535 835 604 ⁸,
862 521 994 586 Ardeam
1021 525 1375 601 ueneoe⁸,.et11.c.ala.
1492 504 1506 519 ⁸

180 610 330 673 moenibus
352 610 484 673 hostium
505 610 618 673 vallum
642 610 792 694 objecere.
837 610 927 681 Quod
949 610 1000 671 ubi
1022 607 1153 671 Romam
1170 600 1372 673 estssfflw·

180 696 366 776 nuuciatum,
396 697 550 779 extemplo
585 695 643 761 M:
661 696 815 779 Geganius
842 696 959 773 consul,
987 716 1056 757 cum
1084 696 1221 779 exercitu

180 782 345 865 proiectus,
359 783 417 846 tria
431 783 526 845 millia
541 803 682 865 passuum
692 794 707 823 ¹⁸
731 784 770 845 ab
784 784 873 845 hoste
889 782 990 845 locum
1006 782 1111 843 castris
1125 782 1219 863 cepit,

180 870 386 953 praecipitique
411 868 476 953 jam
501 870 550 931 die
575 890 680 937 curare
705 890 834 953 corpora
856 868 969 931 milites
989 866 1088 950 jubet.
1112 880 1220 950 quarta

182 954 291 1017 deinde
313 956 415 1038 vigilia
428 956 516 1037 signa
535 957 670 1039 profert:
694 968 889 1040 coeptumque
908 975 985 1037 opus
1006 953 1083 1014 adeo
1108 954 1220 1036 adpro-

180 1054 317 1189 peratum
333 1054 391 1121 est,
414 1054 459 1120 ut,
485 1042 550 1104 sole
564 1056 644 1121 orto,
659 1040 762 1105 Volsci
777 1042 909 1104 firmiore
923 1062 956 1101 se
977 1040 1166 1101 munimento
1182 1041 1220 1101 ab
1231 1061 1371 1113 Amr.

210 1129 328 1191 omanis
343 1128 596 1208 circumvallatos,
612 1147 702 1211 quam
724 1150 743 1190 a
763 1149 795 1190 se
816 1129 932 1205 urbem,
951 1126 1099 1188 viderent.
1115 1139 1147 1187 et
1161 1125 1371 1186 aliani-iscam.

181 1226 268 1294 parte
283 1216 388 1277 consul
404 1234 490 1277 muro
510 1215 617 1277 Ardeae
640 1218 667 1255 ⁶⁰
674 1214 831 1279 brachium
855 1212 1029 1298 injunxerat
1040 1234 1051 1290 3
1077 1222 1159 1295 qus*
1183 1232 1222 1277 cx

181 1300 296 1383 oppido
311 1301 357 1363 sui
372 1322 543 1364 commeare
555 1313 689 1385 possent.

223 1384 266 1449 X.
288 1385 417 1449 Volscus
437 1388 610 1473 imperator,
634 1388 684 1470 qui
704 1386 744 1450 ad
764 1406 833 1449 eam
852 1387 945 1465 diem,
967 1407 1029 1448 non
1051 1397 1223 1449 commeatu

183 1484 364 1555 praeparato,
379 1474 431 1535 sed
454 1492 496 1537 ex
515 1475 711 1557 populatione
732 1493 873 1555 agrorum
892 1478 984 1556 'rapto
1003 1473 1036 1536 in
1054 1472 1226 1541 diem,fru·,

182 1570 288 1620 mento
303 1558 427 1623 aluisset
447 1560 588 1639 militem,
608 1574 771 1643 postquam
791 1571 896 1642 septus
913 1558 992 1621 vallo
1016 1570 1139 1642 repente
1154 1560 1222 1621 ino-

182 1644 1224 1793 iildilatis:ltiadtt'lltltlfflntttls‘52

955 1774 966 1806 2

182 1814 193 1848 ‘
208 1814 433 1895 indeVolscos,'
448 1817 502 1879 ait.
523 1814 676 1879 Adversus
685 1836 723 1879 ea
731 1815 848 1894 consul,
863 1814 965 1877 ‘victis
971 1814 1162 1879 conditiones
1170 1836 1223 1879 ac·

182 1900 193 1933 ‘
209 1901 365 1985 cipiendas
380 1922 455 1979 esse,
476 1923 539 1965 non
554 1900 714 1980 ferendas,'
728 1900 905 1984 respondit;
920 1921 1028 1982 neque,
1043 1911 1079 1962 ut
1088 1902 1226 1963 vener'mt

184 1986 194 2030 ⁶
208 1986 249 2050 ad
263 1988 304 2050 ob
325 1986 484 2070 uguandos
498 1988 597 2051 socios
612 1988 715 2072 populi
729 1987 861 2050 Romani
882 2008 937 2050 suo
951 1987 1092 2065 arbitrio,
1102 1987 1147 2049 ita
1160 1988 1226 2049 abi-

183 2072 195 2107 ‘
209 2086 292 2137 turos
304 2008 436 2137 loacas
452 2095 528 2137 esse.
572 2073 651 2137 Dedi
668 2076 892 2158 imperatorem,
910 2095 995 2136 arma
1014 2070 1107 2156 poni,'
1126 2071 1231 2156 jubet,

184 2159 195 2193 ‘
211 2159 343 2223 latentes
355 2161 451 2223 victos
463 2182 496 2223 se
507 2180 584 2240 esse,
595 2170 650 2224 et!
665 2161 792 2244 imperio
802 2182 917 2243 parere.
928 2160 1028 2239 aliter,
1039 2172 1103 2223 tam
1112 2160 1226 2221 abeun-

185 2245 197 2277 ‘
211 2247 303 2325 tibus,
318 2267 409 2328 quam
421 2248 625 2326 manentibus,
647 2269 680 2311 se
696 2249 816 2311 hostem
828 2246 1157 2325 insensum,victoriam
1170 2267 1228 2329 po·

185 2330 271 2393 ‘tius
287 2352 326 2393 ex
341 2330 469 2413 Volscis,
493 2354 584 2415 quam
607 2354 715 2418 pacem
738 2334 875 2412 infidam,
896 2333 1026 2397 Romam
1041 2328 1227 2395 relaturum!
1455 2400 1461 2407 ,

185 2420 211 2457 ⁶¹
220 2415 324 2480 Volsci
339 2419 480 2501 exiguam
495 2440 580 2504 spem
595 2421 627 2482 in
642 2421 745 2500 armis,
760 2421 821 2482 alia
833 2420 966 2502 undique
977 2419 1121 2497 abscissa,
1136 2438 1229 2500 quum
1240 2422 1385 2485 ΜΝ»
1463 2420 1466 2425 ’

185 2515 366 2585 tentassent,
377 2518 485 2588 praeter
500 2517 600 2569 cetera
618 2508 744 2569 adversa
758 2507 828 2569 loco
842 2526 961 2589 quoque
975 2506 1080 2588 iniquo
1094 2505 1136 2567 ad
1149 2525 1227 2587 pug-
1240 2488 1340 2550 ³⁰¹¹*
1353 2486 1396 2566 ,ὠ

186 2611 259 2654 nam
274 2592 438 2675 congressi,
453 2592 599 2675 iniquiore
614 2594 655 2657 ad
674 2593 789 2676 fugam,
810 2613 902 2676 quum
917 2593 957 2654 ab
971 2592 1055 2655 omni
1069 2602 1154 2675 parte
1168 2613 1226 2654 cse-
1236 2558 1384 2672 ffi,m'

186 2677 338 2758 derentur,
350 2679 502 2762 adpreces
522 2702 541 2742 a
561 2681 727 2742 certamine
741 2681 829 2758 versi,
844 2679 950 2742 dedito
970 2680 1152 2762 imperatore
1163 2689 1228 2739 trs·

186 2762 316 2846 ditisque
343 2766 444 2844 armis,
467 2766 523 2828 sub
544 2764 653 2848 jugum
684 2766 777 2844 missi,
804 2786 875 2827 cum
896 2766 1021 2848 ungulis
1040 2765 1229 2828 vestimentis

185 2849 358 2930 ignominiae
369 2851 523 2934 cladisque
534 2852 616 2935 pleni
641 2852 847 2916 dimittuntur.
861 2864 904 2930 et,
919 2873 1012 2935 quum
1027 2852 1109 2915 haud
1124 2851 1230 2936 procul

185 2937 258 2998 urbe
266 2933 400 3000 'lissculo
415 2939 634 3020 consedissent,
648 2950 748 3002 vetere
757 2939 999 3002 Tusculanorum
1015 2939 1087 3002 odio
1099 2939 1230 3001 inermes

187 3022 322 3102 obpressi
348 3023 496 3088 dederunt
521 3047 638 3107 poenas,
663 3027 714 3088 vix
732 3025 851 3088 nunciis
874 3025 964 3088 caedis
983 3025 1107 3088 relictis.
1128 3023 1230 3086 ”Ro-
1243 3040 1376 3091 Arcum

188 3118 314 3168 manus¹
339 3108 447 3171 Ardeae
471 3111 608 3173 turbatas
632 3111 781 3174 seditione
806 3132 864 3188 res,
886 3111 1072 3194 principibus
1086 3108 1150 3190 ejus
1164 3129 1231 3185 mo-
1244 3108 1383 3171 empnam.

189 3201 237 3252 tus
251 3194 347 3254 securi
362 3195 521 3275 percussis,
536 3196 683 3276 bonisque
697 3217 803 3258 eorum
828 3197 860 3258 in
881 3197 1033 3278 publicum
1053 3194 1234 3258 Ardeatium

190 3275 332 3356 redactis,
354 3298 423 3340 com
445 3280 544 3342 osuits
568 3281 761 3362 demtsmque
785 3279 926 3362 injuriam
946 3279 1055 3362 judicii
1075 3292 1164 3344 tanto
1177 3281 1233 3342 be·

190 3362 300 3425 neficio
311 3301 560 3446 populillomani
571 3366 721 3428 Ardeates
737 3366 921 3446 credebant3
945 3366 1063 3430 senatui
1081 3385 1235 3450 superesse

192 3448 305 3530 aliquid
331 3449 371 3511 ad
401 3450 562 3514 delendum
593 3453 722 3534 publica
747 3453 881 3516 araride
899 3466 1130 3517 monumentum
1152 3453 1236 3516 side·

192 3534 291 3598 batur.
347 3535 462 3598 Consul
486 3538 676 3620 triumphans
700 3538 732 3599 in
755 3540 861 3602 urbem
885 3541 995 3619 redit⁸,
1024 3540 1135 3604 Cloelio
1160 3539 1238 3603 doec

191 3617 373 3684 Volscomm
395 3633 466 3683 mate
487 3643 608 3684 currum
635 3621 739 3700 ducto,
769 3623 958 3709 praelatisque
987 3628 1102 3711 spoliis,
1127 3627 1236 3709 quibus

191 3706 385 3770 dearmatum
400 3709 567 3771 exercitum
582 3707 715 3772 hostium
735 3709 790 3770 sub
809 3709 920 3792 jugum
939 3713 1075 3777 miserat.
1118 3711 1238 3793 AEqua-

193 3793 249 3871 vit,
265 3794 347 3876 quod
373 3793 456 3856 haud
477 3794 566 3856 facile
585 3807 644 3873 est,
668 3792 829 3865 Quinctius
853 3797 958 3858 consul
982 3808 1107 3880 togsms
1130 3796 1240 3858 armati

192 3878 323 3961 gloriam
341 3879 486 3962 college:
520 3879 652 3964 ⁸’quial’
678 3881 848 3945 concordiae
870 3883 1015 3966 pacisque
1038 3883 1242 3947 domesticam

225 4002 494 4054 musmonem.
526 4005 927 4057 ‘numerumnunerum
970 4003 1246 4068 qutadmmph.

193 4067 341 4118 moveo.
380 4076 394 4103 ¹
404 4070 748 4134 immanissimum
764 4071 820 4120 MS.
829 4070 912 4121 verm.
950 4069 1050 4119 racel.
1062 4069 1133 4121 cm.
1171 4067 1246 4120 *aaa

179 4131 277 4196 ‚aaa
288 4133 370 4184 (irors.v
429 4135 516 4183 *rediit
529 4135 612 4183 Cluilio
624 4133 747 4185 Volesos-uss
755 4137 813 4187 duce
824 4136 900 4188 Gran.
911 4133 982 4186 Cres.
1047 4133 1107 4199 bqni
1118 4131 1187 4184 cm.

224 4229 250 4265 ⁶⁰
268 4229 401 4296 Mino]
425 4231 518 4282 Vallum
536 4232 667 4297 pertingens
691 4248 705 4280 s
734 4235 1015 4298 nimquam

195 4297 274 4345 aas·
291 4295 400 4348 nmmo
416 4299 444 4346 ss
461 4297 550 4348 ursam.
573 4297 724 4362 vairp:
767 4295 790 4330 ω
805 4298 918 4348 ΒΜ
932 4296 1022 4362 sua]
1038 4297 1085 4348 ua
1101 4298 1159 4346 eoo
1175 4297 1266 4346 aar

195 4357 253 4407 lu.
267 4361 489 4414 Pubescente.
735 4363 790 4409 bant
807 4377 887 4412 vocem
905 4364 994 4414 masal:
1016 4363 1057 4412 sed
1075 4379 1126 4412 esna
1141 4365 1247 4425 ignum

228 4419 250 4456 ⁶¹
270 4421 348 4491 Volsci]
366 4427 435 4478 Volsci
449 4430 550 4494 exignum
565 4445 622 4491 spem
635 4443 703 4492 quun
735 4441 816 4478 ornnes
824 4429 911 4493 scripti.
1119 4441 1125 4466 τ

195 4486 310 4538 uatem
329 4495 353 4540 is
369 4497 445 4560 anns,
459 4494 705 4560 clausumque·
767 4490 1246 4568 “Qnm1m0mm
1330 4557 1338 4563 1
1399 4507 1403 4512 ’
