3175 5200
192 561 227 609 U.
240 558 269 609 C.
278 558 333 609 27⁴.

193 628 226 674 A.
237 622 267 671 C.
278 624 334 672 478.

358 382 413 446 182
786 370 871 439 'llll
889 369 990 439 Ltvlt

376 536 496 605 ¹XLV.
527 534 686 605 Consules·
705 526 988 621 quoque'Romani
1020 536 1096 598 nihil
1131 525 1276 619 preterea
1306 530 1399 616 aliud,

359 652 450 713 quarn
476 650 544 691 suas
569 630 656 705 vires,
687 644 741 685 sua
771 644 865 703 arma,
888 626 1073 686 horrebant:
1096 624 1246 685 memoria
1275 624 1398 707 pessimi

360 718 500 801 proximo
525 714 605 775 bello
632 710 764 793 exempli
785 712 986 790 wroteham,
1016 730 1055 771 ne
1082 731 1147 772 rem
1173 712 1400 772 committerent

194 790 348 841 ⁰⁰⁵³·“ffl'
360 826 408 882 eo,
431 804 482 865 ubi
503 801 567 863 duae
585 798 674 859 simul
699 797 779 857 acies
801 796 943 858 timendae
963 808 1074 857 essent.
1119 796 1227 878 ltaque
1244 798 1350 858 castris
1366 817 1398 856 se

194 874 218 905 se
230 866 320 909 tenent.

193 2277 295 2335 Pugnant

192 2341 265 2405 poscit
277 2340 343 2389 milet

193 2406 262 2455 Rom.

360 891 516 963 tenebant,
543 896 606 945 tam
633 882 758 964 ancipiti
786 884 921 965 periculo
942 883 1087 943 ⁶⁹aversi.
1112 883 1193 944 diem
1218 895 1398 966 tempusque

360 975 486 1038 forsitan
508 971 608 1053 ipsum
628 969 792 1030 leniturum
814 970 885 1047 iras,
909 969 1131 1052 sanitatemque
1154 969 1262 1030 animis
1277 969 1399 1030 adlatu-

359 1080 436 1123 rum.
478 1054 591 1117 Veiens
603 1056 700 1117 hostis
714 1052 894 1135 Etruscique
910 1076 948 1115 eo
963 1056 1060 1136 magis
1080 1076 1270 1138 praepropere
1286 1075 1377 1135 agere
1386 1076 1397 1130 ς

360 1146 506 1207 lacessere
529 1142 569 1203 ad
593 1160 746 1224 pugnam:
772 1141 870 1224 primo
885 1140 1091 1221 obequitando
1106 1142 1212 1203 castris
1227 1160 1396 1223 provocan-

361 1232 482 1311 doque3
506 1239 672 1313 postremo,
697 1238 731 1288 ut
755 1227 832 1288 nibil
858 1226 1031 1304 movebant,
1054 1247 1115 1308 qua
1139 1227 1278 1289 eonsules
1304 1226 1397 1309 ipsos,

361 1338 421 1398 qua
430 1314 598 1377 exercitum
606 1312 793 1396 increpando
807 1335 814 1373 ε
832 1310 1398 1375 ‘Simulationemintestinaediscordiae

359 1404 370 1435 ‘
385 1406 412 1442 ⁰⁰
424 1400 592 1463 remedium
605 1399 722 1462 timoris
731 1401 903 1488 inventum:
921 1410 953 1460 et
963 1399 1103 1460 consules
1112 1399 1210 1480 magis
1219 1418 1280 1459 non
1291 1401 1398 1459 ⁸¹eon-

359 1488 370 1521 ‘
385 1488 488 1566 fidere,
500 1506 591 1567 quom
602 1484 869 1562 noncredere,suis
876 1484 1033 1546 militibus.
1055 1482 1398 1564 Novumseditionisge-

360 1575 370 1606 ‘
385 1595 452 1650 nus,
468 1572 620 1633 silentium
632 1570 788 1651 otiumque
801 1571 879 1630 inter
891 1569 1046 1633 armatos!
1062 1570 1175 1633 adhaec
1185 1571 1218 1631 in
1232 1569 1399 1631 novitatem

359 1659 479 1741 generis
509 1656 705 1738 originisque,
743 1674 804 1738 qua
838 1654 924 1732 falsa,
963 1676 1024 1735 qua
1054 1678 1125 1718 vera
1156 1655 1270 1737 jacere.
1313 1652 1398 1733 Haec,

361 1764 453 1825 quum
474 1742 528 1803 sub
555 1742 621 1823 ipso
649 1741 728 1801 vallo
755 1741 910 1821 portisque
926 1750 1105 1821 streperent,
1127 1740 1210 1801 haud
1229 1760 1307 1821 segre
1323 1760 1397 1801 con·

360 1829 440 1890 sules
462 1827 536 1911 pati.
560 1839 593 1888 at
612 1826 747 1907 inperite
767 1824 987 1886 multitudinisr
1001 1845 1082 1887 nunc
1109 1826 1289 1907 indignatio,
1303 1843 1397 1887 'nune

359 1916 468 1998 pudor,
491 1924 615 1995 pectora
640 1932 769 1988 versare,
799 1922 831 1971 et
845 1913 872 1949 ⁸²
893 1911 932 1971 ab
952 1911 1104 1973 intestinis
1129 1922 1263 1979 avertere
1287 1912 1395 1972 malis:

359 2000 441 2062 no‘lle
470 1999 583 2061 inultos
613 1998 734 2075 hostes3
761 1996 843 2058 nolle
869 2016 1054 2075 successum,
1083 2016 1145 2059 non
1168 1995 1316 2074 Patribus,
1334 2018 1397 2058 non

360 2085 550 2148 consulibus:
576 2094 702 2145 externa
731 2094 763 2145 ct
789 2082 958 2144 domestica
979 2082 1052 2145 odia
1078 2096 1193 2145 certare
1217 2073 1249 2144 in
1279 2084 1397 2145 animis.

357 2171 498 2233 Tandem
513 2182 659 2254 superant
679 2180 815 2230 externa.
839 2168 917 2230 adeo
936 2170 1066 2252 superbe
1080 2170 1304 2251 insolenterque
1325 2170 1397 2231 bos·

358 2258 397 2319 tis
435 2258 587 2320 eludebat.
618 2256 790 2337 frequentes
826 2255 857 2317 in
894 2256 1067 2337 praetorium
1099 2256 1292 2333 conveniunt,
1327 2275 1398 2338 pos·

358 2357 433 2407 cunt
452 2364 596 2426 pugnam,
620 2342 786 2425 postulant,
812 2351 847 2402 ut
871 2341 991 2423 signum
1012 2342 1110 2404 detur.
1154 2339 1312 2419 Consules,
1335 2340 1398 2402 vel-

358 2443 393 2493 ut
434 2427 671 2505 deliberabundi,
717 2427 819 2509 capita
862 2427 1032 2507 conferunt,
1073 2428 1124 2489 diu
1166 2423 1398 2510 conloquuntur.

357 2536 493 2602 pugnare
520 2515 702 2598 cupiebant3
726 2514 780 2575 sed
806 2524 887 2575 retro
910 2515 1087 2586 revocanda¹
1103 2526 1135 2576 et
1150 2513 1291 2575 abdenda
1313 2514 1398 2596 cupi-

358 2603 436 2664 ditas
457 2611 533 2678 erat,
557 2611 592 2662 ut
607 2599 793 2662 adversando
816 2601 1057 2682 remorandoque
1083 2599 1211 2662 incitato
1232 2599 1325 2662 semel
1340 2601 1398 2661 mi-

357 2689 405 2749 liti
433 2687 581 2749 adderent
611 2687 757 2768 inpetum.
812 2685 961 2748 Redditur
993 2706 1182 2769 responsum,
1214 2686 1398 2747 inmaturam

358 2793 422 2835 rem
439 2774 498 2855 agi,
525 2772 660 2834 nondum
684 2785 805 2855 tempus
823 2793 933 2856 pugnre
956 2793 1040 2834 esse:
1063 2773 1169 2834 castris
1189 2792 1222 2832 se
1247 2783 1398 2833 tenerent.

357 2855 491 2921 Edicunt
512 2859 594 2937 iude,
615 2870 650 2920 ut
672 2859 846 2920 abstineant
867 2879 979 2941 pugna.
1001 2860 1027 2920 si
1051 2859 1118 2939 quis
1140 2856 1255 2938 injussu
1278 2877 1398 2939 pugna·

300 2957 303 2966 “
358 2946 445 3023 verit,
472 2954 506 3004 ut
532 2945 564 3005 in
579 2945 699 3006 hostem
715 2944 985 3007 animadversuros.
1029 2941 1078 3005 lta
1101 2943 1241 3019 dimissis,
1262 2963 1323 3023 quo
1337 2942 1397 3004 mi-

358 3051 415 3092 nus
438 3030 577 3091 consules
604 3030 680 3091 velle
705 3029 843 3106 credunt,
867 3030 978 3091 crescit
1001 3028 1096 3090 ardor
1115 3027 1282 3112 pugnandi.
1309 3049 1397 3089 acce-

358 3116 436 3177 dunt
459 3116 591 3196 insuper·
603 3115 708 3175 hostes
732 3113 861 3175 ferocius
884 3115 992 3191 multo,
1021 3125 1056 3176 ut
1078 3114 1219 3176 statuisse
1243 3134 1306 3175 non
1320 3134 1398 3196 pug-

357 3222 430 3263 nare
455 3200 594 3262 consules
612 3199 769 3280 cognitum
790 3209 846 3261 est.
891 3199 1012 3281 Quippe
1036 3198 1149 3281 inpune
1173 3220 1206 3260 se
1235 3200 1396 3262 insultatu-

358 3308 408 3347 ros
418 3298 440 3364 ¹,
457 3307 519 3347 non
535 3285 617 3346 credi
632 3284 721 3346 militi
738 3303 834 3346 arma„
845 3303 909 3344 rem
922 3284 962 3344 ad
980 3284 1122 3346 ultimum
1137 3285 1296 3347 seditionis
1309 3306 1398 3369 erup·

357 3383 468 3448 turam,
498 3371 650 3451 finemque
675 3370 791 3431 venisse
812 3369 954 3431 Romano
978 3369 1118 3451 imperio.
1162 3369 1219 3432 His
1249 3371 1318 3432 freti
1342 3373 1397 3433 ob-

358 3468 481 3517 cursant
496 3457 602 3535 portis,
626 3456 769 3537 ingerunt
784 3456 906 3537 probra,
930 3459 1009 3536 ae'gre'
1024 3457 1188 3534 abstinent,
1212 3457 1284 3537 quin
1300 3469 1399 3518 castra

359 3541 545 3622 obpugnent.
597 3539 686 3602 Enim
715 3561 786 3602 vero
807 3562 868 3603 non
895 3541 975 3603 ultra
1001 3542 1216 3605 contumeliam
1240 3544 1305 3624 pati
1332 3541 1395 3604 Ro·

358 3646 466 3686 manus
486 3645 595 3706 posses
626 3626 699 3687 totis
729 3627 835 3689 castris
868 3627 1002 3707 undique
1028 3629 1068 3690 ad
1094 3628 1232 3691 consules
1257 3628 1396 3689 curritur.

345 3732 421 3780 ‚non
433 3709 500 3793 jam
516 3711 638 3789 sensim,
663 3723 793 3791 utente,
818 3733 873 3795 per
888 3712 1101 3776 centurionum
1123 3713 1274 3795 principes
1289 3725 1396 3795 postu-

423 3843 911 3912 semasso1n.cm.ns.v2o.
1008 3860 1333 3913 *auruumemscm

734 3928 799 3972 'ruti
807 3925 857 3976 add.
874 3926 928 3976 MS.
940 3927 1021 3978 Veitb.

358 4032 521 4091 mgistratibus
535 4033 640 4096 requirar
655 4002 767 4082 in'casrra
776 4029 861 4080 Roma·
927 4035 949 4071 ³⁹
964 4034 1050 4096 Am]
1079 4037 1102 4082 Α
1118 4006 1212 4085 consilio
1232 3981 1359 4100 prodeundi
1374 4037 1398 4084 iu

356 4109 413 4141 uum
425 4098 529 4146 militem.
893 4099 974 4147 aciem.

391 4157 412 4190 ⁵⁸
430 4159 587 4226 Ter-rebantur]
603 4161 801 4210 Paruminterest.
816 4161 861 4210 Sed
924 4159 948 4194 ⁰⁰
964 4157 1191 4229 Remediumtiororis]
1206 4164 1337 4214 Artificiosa
1350 4163 1398 4213 dis·
1488 4159 1492 4167 '

357 4231 436 4268 tamen
454 4223 578 4282 elegantius
589 4229 680 4275 ridetur
698 4229 757 4290 quod
769 4217 861 4276 Grooo·
891 4225 1018 4277 simulando
1028 4231 1114 4278 timori.

356 4284 408 4330 vius
429 4299 465 4360 ex·
478 4289 551 4336 tribus
565 4289 638 4339 MSS.
659 4292 736 4350 affert,
759 4292 862 4350 terrebat,
923 4287 946 4324 ⁰¹
965 4291 1088 4360 Coofflm]
1102 4295 1207 4344 Militum
1222 4294 1305 4343 amaris
1317 4309 1344 4343 ac
1359 4309 1399 4343 ro-

356 4361 440 4410 nempe
459 4364 516 4410 rpros
531 4353 647 4404 eonsules.
679 4355 764 4404 Duce
780 4356 862 4404 nocuis
874 4401 879 4408 ,
893 4354 950 4404 bori-
982 4355 1205 4409 Graderevoluntrti.

357 4412 423 4461 codd.
433 4413 593 4463 conantium:
611 4420 714 4468 omnium
731 4421 860 4482 antiquinl-
923 4417 947 4452 θ’
962 4420 996 4466 Ab
1014 4422 1122 4472 intettitrt'r
1133 4434 1234 4475 mertem
1247 4424 1323 4490 natis]
1339 4423 1398 4476 Seu·

356 4491 410 4532 mus
420 4475 501 4550 acdfm
511 4477 599 4552 abacis,
608 4483 746 4558 multetque
752 4486 844 4538 trudat
891 4486 935 4538 sira
945 4499 1039 4556 arctare
1049 4503 1064 4537 ι
1073 4487 1176 4543 civilium
1186 4489 1251 4542 odiis.
