3175 5200
375 408 443 448 xxrr
665 381 904 448 PROOEMIUM
923 382 978 444 mr
998 381 1097 445 mvn

376 565 465 614 vero
481 541 622 638 primus
640 537 735 616 forte
748 539 915 635 Tacitus,
925 549 965 614 at
979 539 1101 614 multo
1115 527 1416 613 scitiusllumius

376 637 514 735 aliique
531 640 647 737 Angli
675 641 888 732 induerunt,
915 639 982 714 sed
999 636 1182 712 oratorius
1205 635 1325 711 inilia
1350 633 1416 709 de·

378 736 609 814 siderabatur
625 747 788 814 omatus.
830 738 932 812 Nam
949 733 1101 811 historia
1117 761 1163 810 eo
1181 735 1416 838 potissimum

377 835 532 912 consilio
549 864 571 913 a
588 837 727 912 Graecis
745 837 835 910 olim
853 833 1108 932 Romanisque
1122 835 1362 923 scribebatur,
1372 840 1418 906 ut

376 937 539 1034 practica
564 937 739 1108 quaedam
770 933 1002 1034 philosophia
1028 941 1127 1009 esset
1143 926 1215 1007 vel
1237 928 1418 1030 magistra

376 1034 475 1122 vitre,
493 1058 562 1132 pru
591 1035 699 1108 entiae
717 1033 833 1109 civilis
850 1059 892 1110 ac
909 1031 1092 1124 militaris,
1104 1032 1287 1106 virtutum
1303 1041 1418 1126 atque

376 1143 658 1232 praceptorum,
677 1143 755 1208 tam
774 1133 918 1207 civibus
946 1141 985 1206 et
999 1131 1163 1230 privatis,
1180 1153 1294 1229 quam
1314 1129 1419 1228 prin-

377 1231 520 1328 cipibus
553 1231 908 1330 magistratibusque
943 1227 1155 1304 salubrium.
1222 1226 1299 1322 Qui
1330 1225 1418 1302 finis

377 1329 538 1403 obtineri
566 1329 710 1424 nequit,
738 1331 810 1403 nlsi
828 1333 908 1427 ipsa
933 1351 1084 1427 quoque
1109 1327 1270 1402 narratio
1292 1347 1419 1400 rennn

376 1451 599 1524 magnarum
611 1425 1418 1525 mirabiliumque,amagnisvirisgestarum,

376 1527 569 1600 adsensus
587 1547 745 1624 magnos
762 1527 1006 1621 adfectusque
1023 1524 1107 1600 sive
1125 1526 1314 1624 graviores
1341 1525 1418 1597 sive

376 1622 565 1699 molliores
599 1625 862 1722 suavioresque
893 1625 1101 1700 movendos
1133 1618 1421 1698 adcommodata

376 1732 445 1813 est,
463 1729 502 1796 et
518 1722 634 1798 animi
650 1723 861 1822 legentium
877 1733 1054 1798 tenentur
1067 1722 1272 1797 subtilitate
1284 1718 1420 1820 judici-

376 1823 498 1912 orum,
517 1822 789 1898 sententiarum
815 1823 1013 1921 elegantia,
1031 1818 1225 1919 gravitate,
1251 1819 1357 1920 copia
1381 1830 1420 1894 et

376 1919 560 2010 acumine,
592 1920 843 2017 orationisque
873 1922 1051 1996 varietate
1081 1933 1121 1996 et
1143 1919 1366 2008 elocutione,
1396 1943 1420 1991 a

376 2045 452 2118 qua
476 2019 662 2119 praeeipue
691 2021 909 2118 eloquentes
938 2019 1125 2111 dicuntur,
1152 2019 1188 2094 h.
1207 2035 1240 2093 e.
1258 2013 1419 2092 naturali

376 2127 569 2193 venustate
604 2129 643 2194 et
676 2121 887 2194 urbanitate
919 2117 1093 2217 quadam,
1127 2112 1338 2216 perillam,
1373 2123 1419 2188 ut

377 2211 529 2316 sanguis
559 2239 627 2316 per
657 2235 807 2318 corpus,
841 2218 984 2294 diffusa.
1039 2216 1183 2302 Quibus
1210 2215 1241 2290 si
1270 2208 1420 2288 adsedit

375 2309 439 2389 illa
454 2325 624 2390 veterum
654 2315 928 2409 historicorum,
951 2328 1032 2393 tam
1059 2317 1277 2392 Graecorum
1303 2335 1419 2411 quam

338 2433 342 2440 ·
377 2404 808 2512 Romanorum‚ars,qua
818 2417 950 2513 magni
959 2416 1028 2488 viri
1038 2439 1114 2489 non
1125 2415 1239 2488 modo
1248 2415 1419 2510 agentes,

377 2509 443 2582 sed
462 2518 501 2582 et
516 2511 585 2607 ipsi
603 2535 746 2609 causas,
769 2529 836 2586 cur
851 2513 904 2586 ita
919 2521 1046 2610 agant,
1078 2509 1170 2585 scite
1187 2519 1419 2609 exponentes

375 2604 620 2696 inducuntur;
648 2632 728 2707 quae
745 2612 860 2686 lectio
873 2635 1002 2709 quaeve
1020 2610 1215 2709 disciplina
1231 2616 1270 2683 et
1280 2610 1420 2708 jucun-

376 2707 457 2783 dior
474 2716 512 2782 et
527 2704 652 2783 utilior
665 2708 757 2806 fingi
774 2710 926 2809 potest?
964 2710 1063 2785 Hine
1079 2710 1212 2783 Cicero
1228 2709 1421 2797 censebat,

376 2807 513 2880 summi
541 2808 695 2881 oratoris
718 2832 813 2901 esse,
838 2804 1032 2884 historiam
1059 2808 1231 2899 scribere,
1259 2822 1419 2904 eamque

375 2899 488 3002 hujus
505 2904 673 2979 doctrina
703 2908 936 2982 sublevatam
956 2909 1079 2981 multo
1102 2908 1224 3004 magis
1246 2927 1290 2981 se
1316 2925 1420 2980 com-

375 3025 541 3095 movere,
552 3013 591 3077 et
603 3018 758 3079 succum
775 3008 882 3103 quasi
894 3031 938 3080 ac
955 3006 1189 3101 sanguinem,
1209 3021 1359 3079 carnem
1376 3027 1421 3077 ac

377 3104 541 3201 colorem
559 3102 744 3201 adaipere,
769 3104 793 3178 i.
812 3131 844 3179 e.
862 3115 901 3179 et
918 3105 1127 3179 suaviorem
1143 3102 1249 3179 reddi
1266 3110 1304 3198 et
1320 3102 1420 3175 fruc-

376 3198 595 3278 tuosiorem.
646 3205 779 3301 Neque
795 3204 993 3376 adsequor,
1011 3225 1078 3278 cur
1093 3201 1133 3278 in
1149 3226 1194 3277 ea
1209 3197 1340 3290 oratio,
1354 3202 1420 3275 ha-

375 3301 459 3378 bitu
487 3302 649 3377 oratorio
667 3304 803 3378 vestita
831 3312 872 3377 et
923 3322 968 3378 ac
994 3312 1073 3377 arte
1102 3300 1280 3391 animata,
1306 3300 1422 3375 modo

377 3422 500 3494 neque
516 3400 629 3473 nimis
646 3425 691 3474 ea
705 3400 882 3493 luxuriet,
896 3424 1021 3497 neque
1038 3400 1159 3499 magis
1173 3408 1326 3474 ornatus
1339 3423 1421 3473 ver·

376 3494 524 3587 borum,
538 3521 651 3593 quarn
667 3522 792 3572 rerum
805 3496 971 3573 veritatis
987 3500 1081 3572 ratio
1092 3498 1282 3586 habeatur,
1295 3496 1421 3570 minus

377 3594 567 3694 probanda
594 3594 641 3669 sit
665 3596 866 3695 minusque
897 3598 1044 3696 placere
1061 3608 1194 3699 queat,
1207 3612 1323 3693 quam
1346 3617 1422 3692 qua

377 3694 528 3793 plurimi
544 3703 705 3769 utuntur
729 3694 895 3772 historici
912 3706 951 3771 et
977 3690 1196 3793 antiquioris
1213 3694 1280 3768 oevi
1307 3702 1347 3768 et
1362 3716 1421 3767 re-

380 3794 567 3885 centioris,
586 3792 649 3890 qui
661 3797 721 3869 vel
734 3820 794 3871 res
809 3794 970 3870 breviter
984 3795 1277 3895 simpliciterque
1293 3814 1360 3866 seu
1372 3787 1420 3867 ad

381 3902 534 3991 captum
547 3918 770 3992 -puerorum
803 3892 1089 3970 adcommodata
1122 3913 1323 3994 exponere,
1360 3890 1420 3966 vel

379 3992 498 4067 doctis
525 4002 672 4069 tantum
698 3992 912 4067 hominibus
935 3994 1142 4085 consulere,
1166 3994 1355 4093 disputare
1382 3999 1422 4065 et

380 4091 644 4187 argumentari,
662 4090 887 4166 difficiliores
904 4094 1038 4167 modos
1055 4088 1242 4191 expedire,
1260 4094 1421 4164 obscura

381 4198 420 4262 et
445 4192 635 4265 recondita
659 4190 813 4265 scrutari
838 4193 971 4266 solent.
1024 4192 1117 4287 Quis
1143 4200 1246 4266 certe
1273 4188 1421 4262 Livium

380 4286 637 4385 reprehendat,
668 4290 771 4389 quod
800 4299 979 4389 sequutus
1009 4292 1057 4365 sit
1090 4311 1255 4385 sensum,
1281 4282 1450 4405 ¹judieia'

378 4388 602 4485 moremque
617 4386 856 4487 popularium
874 4407 1040 4483 suorum,
1067 4410 1161 4489 quos
1178 4390 1219 4466 in
1236 4381 1366 4489 pnrnls
1383 4392 1423 4460 et
