3175 5200
503 370 582 435 urs.
598 370 641 469 n.
671 370 886 437 clauum.
1166 382 1222 443 ras

182 530 239 610 nul,
258 552 293 594 ac
313 531 430 615 redem't
450 531 482 595 in
500 533 663 616 publicum.
709 530 841 595 larisam
866 544 933 595 erat
956 532 1083 596 Fabium
1107 553 1218 597 nomen

182 619 262 699 plebi
278 630 400 702 propter
414 620 610 683 novissimum
629 620 803 683 consulema
826 632 952 682 tenuere
974 633 1078 683 tamen
1105 620 1219 700 Patres,

179 716 219 767 ut
233 726 301 767 cunr
317 702 353 768 1..
362 703 492 791 AEmilio
507 704 546 769 K.
562 704 673 769 Fabius
688 706 793 768 consul
815 716 976 769 crearetur.
1018 705 1066 769 Ea
1080 707 1219 770 infestior
1232 736 1265 784 u,
1276 736 1306 785 ς,
1317 740 1373 790 27⁰.

127 826 128 831 κ
183 789 265 853 facta
282 792 385 874 plebes
403 792 554 856 seditione
579 792 886 855 domesticabellum
910 804 1067 855 externum
1087 796 1215 857 excivit:
1231 803 1262 850 Α.
1273 801 1303 850 c.
1314 808 1369 855 aaa.

173 876 264 941 bello
279 878 390 941 deinde
403 878 507 941 civiles
522 878 679 941 discordiae
694 878 882 940 intermissae.
906 898 968 939 uno
992 880 1094 941 animo
1114 879 1218 943 Patres

175 982 220 1024 ac
234 964 338 1046 plebes
353 965 535 1027 rebellantes
549 962 678 1027 Volscos
699 975 735 1026 et
754 962 892 1044 AEquos‚·
902 964 979 1027 duce
993 962 1132 1045 AEmilio,
1147 988 1219 1049 pro·

181 1068 269 1130 spera
292 1071 396 1133 pugna
418 1051 526 1114 vicere.
570 1049 640 1113 Plus
658 1062 763 1113 tamen
778 1050 921 1112 bostium
935 1050 1018 1132 friga,
1035 1071 1126 1131 quarn
1141 1072 1220 1133 proe-

180 1134 265 1214 lium,
282 1137 438 1199 absumsit.
453 1137 531 1199 adeo
546 1136 742 1220 pertinaciter
761 1136 844 1198 fusos
863 1137 991 1199 insecuti
1010 1147 1082 1199 sunt
1095 1138 1222 1219 equites.

126 1262 129 1269 ι
181 1219 316 1285 Castoris
346 1223 424 1285 ades
454 1224 562 1287 eodem
592 1244 673 1285 anno
709 1220 813 1285 ldibus
843 1221 1047 1293 Quinctilibus
1082 1223 1223 1287 dedicata

178 1318 236 1370 ert.
260 1320 335 1371 vota
362 1321 429 1372 erat
458 1308 570 1373 Latino
599 1309 692 1387 bello,
722 1312 749 1347 ⁴²
765 1306 921 1370 Postumio
954 1309 1113 1371 dictatore.
1142 1310 1221 1372 iilius

179 1388 256 1475 ejus,
272 1395 410 1457 duumvir
424 1396 465 1457 nd
480 1396 512 1457 id
526 1396 625 1479 ipsum
648 1406 777 1473 creatus,
803 1394 964 1457 dedicavit.
1008 1392 1173 1459 Sollicitati
1189 1409 1221 1458 et

180 1500 219 1541 eo
235 1500 317 1543 anuo
332 1493 403 1544 sunt
418 1480 577 1545 dulcedine
594 1482 717 1563 agrariae
737 1480 813 1561 legis
834 1481 927 1543 animi
942 1481 1048 1563 plebis.
1091 1480 1219 1545 Tribuni

172 1610 177 1623 .
202 1566 279 1627 lebis
304 1570 331 1606 ⁴³
342 1568 518 1651 popularem
541 1578 728 1651 potestatem
752 1567 820 1648 lege
843 1567 983 1650 populari
1012 1568 1219 1631 celebrabant.

174 1586 297 1731 latres,
312 1653 386 1715 satis
399 1674 548 1736 superque
566 1653 727 1737 “gratuiti
752 1652 861 1715 furoris
885 1654 917 1714 in
940 1653 1135 1715 multitudine
1150 1675 1217 1715 cre·

179 1737 288 1801 dentes
315 1760 391 1817 esse,
412 1740 588 1821 largitiones
618 1738 861 1820 temeritatisque
891 1739 1089 1801 invitamenta
1115 1740 1218 1803 borre-

171 1824 265 1887 .baut.
299 1825 437 1889 acerrimi
473 1825 611 1891 Patribus
643 1825 736 1888 duces
771 1825 812 1887 ad
846 1825 1046 1888 resistendum
1079 1827 1220 1889 consules

177 1908 283 1974 fuere·
330 1908 378 1974 Ea
407 1912 503 1995 igitur
528 1934 598 1996 pars
627 1911 800 1994 reipublicae
829 1912 912 1974 vicit.
940 1932 997 1973 uec
1027 1913 1060 1973 in
1089 1934 1219 1996 praesens

178 1997 284 2075 modo,
306 1998 411 2061 sedin
430 1999 603 2062 venientem
624 1999 717 2061 etiam
742 2019 856 2061 annum
879 1994 927 2059 M.
937 1996 1097 2060 Fabium⁴⁵
1114 1998 1219 2061 Karso-
1232 2018 1374 2073 u.c.271.

177 2082 225 2145 nis
250 2083 387 2163 fratrem,
417 2097 450 2147 et
475 2086 573 2167 magis
599 2085 726 2147 invisum
750 2085 881 2147 alterum
908 2085 1001 2166 plebi,
1027 2086 1220 2147 accusatione
1233 2083 1374 2161 *bc-⁴9¹·

177 2165 233 2251 Sp.
243 2168 351 2248 Cassii,
367 2169 403 2231 1..
415 2168 571 2232 Valerium
586 2174 613 2211 ⁴⁸
623 2170 899 2233 eonsulesauedit.
921 2168 1080 2234 Certatum
1090 2192 1128 2233 eo
1144 2192 1219 2253 quo-
1233 2148 1352 2263 {⁰qu

179 2274 239 2335 que
261 2275 342 2317 auno
357 2276 427 2319 cunr
442 2256 570 2321 tribunis
585 2266 641 2319 est.
656 2277 735 2319 vana
754 2256 816 2334 lex,
830 2255 960 2337 vanique
979 2256 1055 2337 legis
1071 2272 1220 2335 auctores,
1234 2215 1366 2328 emersus

174 2338 325 2421 jactanda
340 2342 456 2405 irritum
480 2362 599 2421 munus,
620 2342 704 2405 facti.
749 2340 876 2403 Fabium
897 2342 970 2404 inde
984 2363 1098 2405 nomen
1113 2344 1221 2427 ingens

179 2437 251 2507 post
265 2438 326 2489 tres
347 2428 509 2491 continuos
530 2428 714 2506 consulatus,
738 2448 859 2509 unoque
879 2428 961 2490 velut
983 2440 1102 2495 tenore¹
1114 2451 1220 2491 omnes

178 2522 321 2594 expertos
345 2513 513 2574 tribuniciis
537 2515 762 2590 certaminibus,
786 2514 933 2576 habitum.
956 2513 1071 2594 itaque,
1095 2525 1130 2575 ut
1143 2516 1220 2577 bene

178 2596 307 2675 benun,
338 2598 450 2661 mansit
476 2598 507 2660 iu
533 2619 571 2660 ea
595 2597 710 2662 familia
736 2598 921 2680 aliquamdiu
948 2598 1056 2662 bonos.
1099 2598 1220 2664 Bellum

179 2683 251 2746 inde
271 2682 386 2747 Veiens
400 2684 509 2746 initum
521 2705 533 2761 5
556 2696 589 2747 et
602 2681 707 2746 Volsci
726 2685 921 2746 rebellarunt.
935 2686 991 2748 sed
1013 2686 1054 2748 ad
1068 2687 1220 2750 bellaex·

170 2781 266 2850 -terna
291 2790 386 2854 prope
413 2782 591 2852 supereraut
618 2770 716 2830 vires:
740 2773 768 2816 ⁴⁷
784 2771 1045 2852 abutebanturque
1074 2771 1111 2832 iis
1140 2774 1220 2834 inter

177 2857 359 2939 semetipsos
384 2855 542 2920 certando.
586 2847 748 2918 Accessere
782 2855 822 2917 ad
856 2877 950 2937 aegras
980 2854 1047 2938 jam
1071 2859 1220 2924 ,omnium

176 2954 295 3006 mentes
310 2942 449 3026 prodigia
470 2942 618 3020 ccelesiis,
642 2963 737 3024 prope
763 2941 957 3022 quotidianas
977 2942 1010 3003 in
1034 2943 1108 3006 urbe
1124 2945 1219 3026 agris-

170 3048 238 3109 que
267 3029 455 3092 ostentantia
484 3029 592 3092 minas.
622 3030 649 3066 ⁴⁸
664 3028 800 3109 motique
835 3025 881 3089 i'ra
914 3028 1047 3089 numinis
1081 3050 1220 3092 caussam

169 3113 295 3176 ‚nullam
321 3115 413 3178 aliam
439 3124 525 3176 vates
553 3115 717 3193 carebant,
747 3112 868 3195 publice
896 3113 1110 3195 privatimque,
1139 3135 1220 3175 nunc

179 3198 270 3276 extis,
293 3219 374 3262 nunc
399 3219 452 3279 per
473 3219 542 3260 aves
567 3194 710 3274 cormulti,
739 3219 831 3278 quam
855 3197 937 3259 baud
957 3198 1014 3258 rite
1036 3218 1123 3258 sacra
1144 3198 1220 3260 fieri.

181 3284 232 3364 qui
259 3295 389 3345 terrores
411 3295 514 3344 tamen
545 3303 582 3344 eo
609 3303 740 3359 evasere,
766 3295 802 3345 ut
829 3282 945 3362 Oppia,
969 3282 1054 3360 virgo
1078 3280 1221 3362 Vestalis,

171 3369 329 3438 ,damnata
342 3369 449 3430 incesti
465 3388 571 3449 paenas
587 3367 716 3430 dederit.

223 3453 340 3518 Xblll.
373 3457 399 3496 ⁴⁹
415 3453 454 3525 Q.
482 3452 591 3516 Fabius
617 3452 689 3515 inde
726 3465 758 3516 et
784 3451 821 3515 C.
842 3453 941 3516 Julius
972 3455 1110 3518 consules
1137 3453 1222 3518 facti.
1235 3475 1375 3530 maan,

1235 3544 1268 3592 A.
1278 3541 1307 3590 C.
1317 3545 1373 3593 ⁴80.

549 3605 566 3633 ²
577 3598 684 3650 ernam
695 3595 772 3648 Grau.
783 3595 852 3646 Creu.

211 3711 234 3748 a
246 3711 258 3740 ·
271 3709 393 3776 rana]
410 3709 470 3770 ng.
481 3675 496 3758 ὲ
506 3706 626 3758 annm.
716 3717 773 3756 veit.
784 3705 831 3754 ...a
841 3703 914 3764 uun
927 3705 1008 3769 quibus
1018 3706 1138 3758 maun
1154 3706 1224 3756 rus·

209 3775 401 3839 ⁴³⁸Populcrem
415 3773 549 3838 poleticum]
579 3773 684 3821 Potesta-
716 3771 807 3820 nostris.

178 3852 227 3891 tem
238 3859 311 3921 aqam,
322 3858 374 3921 quse
380 3855 421 3904 per
431 3855 456 3888 se
465 3849 528 3899 grata
536 3837 685 3903 populcerat,
747 3835 769 3874 ⁴⁷
786 3836 977 3900 Abutdanturquc
994 3838 1023 3884 iis
1038 3835 1226 3915 htnoenaenpm‘s

179 3903 687 4031 tt‘ttffttlffitltrlllltl
714 3901 1224 4030 ffiilfffsslf‘iffidm'ifflf

179 4037 362 4100 etmagnorirca
376 4052 401 4086 re
416 4033 683 4084 civiumconcrusueffi-
715 4034 810 4080 timidus
836 4033 934 4079 nabat.
978 4029 1030 4078 Nec
1050 4043 1151 4091 uuqurm
1172 4028 1223 4077 sera

180 4102 279 4152 ciebant.
304 4103 329 4152 .'
715 4095 783 4144 aliter
793 4095 880 4143 Urius.

211 4168 232 4200 ⁴⁴
251 4165 390 4230 'aeruna
405 4165 539 4232 spontanei,
550 4162 619 4212 etism
634 4165 683 4212 sine
747 4161 769 4195 ⁴⁸
781 4161 796 4190 ⁸
808 4160 906 4235 Matique
924 4161 960 4206 ira
977 4158 1085 4222 minis]
1106 4157 1137 4204 Et
1155 4167 1219 4205 vater

180 4231 344 4346 ulllsllrgoepoelt'a
356 4247 405 4345 1²llar
406 4232 515 4344 {dllabil
590 4281 630 4342 ue'
659 4292 682 4340 ui
713 4222 1220 4351 ildllaldiialdrlmgldauffmnlgdbllldlplffi

180 4361 249 4408 tertio
259 4294 383 4410 ”31:1¹an
393 4330 481 4411 canini.
529 4309 591 4404 Μ
620 4309 659 4358 ’q
713 4354 771 4418 digia
780 4365 909 4403 exererent.
932 4353 985 4401 Vid.
997 4353 1092 4403 not.ll.
1108 4349 1137 4399 ad
1146 4366 1168 4398 c.
1178 4351 1219 4400 55.

213 4421 235 4456 *θ
252 4425 364 4474 amun
390 4423 460 4487 dedit]
495 4425 558 4487 Lege
583 4422 684 4480 mules,
713 4419 761 4470 br.

95 4493 102 4520 ¹
142 4489 146 4498 '
181 4491 293 4553 quomodo
312 4489 417 4554 sigonius
438 4489 517 4553 baberi
541 4489 683 4542 surnaria
746 4481 814 4554 ¹⁴30.
827 4481 908 4536 Fabius
918 4481 981 4552 inde]
999 4481 1044 4533 Pro
1060 4481 1113 4534 inde
1129 4480 1218 4530 ducet

222 4575 296 4623 VOL·
311 4577 334 4624 l·
849 4570 874 4620 K
