<?xml version="1.0" encoding="UTF-8"?>
<!DOCTYPE html PUBLIC "-//W3C//DTD XHTML 1.0 Transitional//EN"
    "http://www.w3.org/TR/xhtml1/DTD/xhtml1-transitional.dtd">
<html xmlns="http://www.w3.org/1999/xhtml" xml:lang="en" lang="en">
 <head>
  <title>
</title>
<meta http-equiv="Content-Type" content="text/html;charset=utf-8" />
  <meta name='ocr-system' content='tesseract 3.04.00' />
  <meta name='ocr-capabilities' content='ocr_page ocr_carea ocr_par ocr_line ocrx_word'/>
</head>
<body>
  <div class='ocr_page' id='page_1' title='image "./tliviipatavinih03grongoog_0457.png"; bbox 0 0 3175 5200; ppageno 0'>
   <div class='ocr_carea' id='block_1_1' title="bbox 502 373 1208 444">
    <p class='ocr_par' dir='ltr' id='par_1_1' title="bbox 502 373 1208 444">
     <span class='ocr_line' id='line_1_1' title="bbox 502 373 1208 444; baseline 0.007 -6"><span class='ocrx_word' id='word_1_1' title='bbox 502 373 664 440; x_wconf 76' lang='lat' dir='ltr'>Lln.v11.</span> <span class='ocrx_word' id='word_1_2' title='bbox 685 374 767 440; x_wconf 78' lang='lat' dir='ltr'>CAP-</span> <span class='ocrx_word' id='word_1_3' title='bbox 785 373 884 442; x_wconf 82' lang='lat' dir='ltr'>XXV.</span> <span class='ocrx_word' id='word_1_4' title='bbox 1109 379 1115 389; x_wconf 79' lang='grc'><strong><em>’</em></strong></span> <span class='ocrx_word' id='word_1_5' title='bbox 1148 385 1208 444; x_wconf 72' lang='lat'>⁴26</span> 
     </span>
    </p>
   </div>
   <div class='ocr_carea' id='block_1_2' title="bbox 167 537 1363 1148">
    <p class='ocr_par' dir='ltr' id='par_1_2' title="bbox 167 537 1363 1148">
     <span class='ocr_line' id='line_1_2' title="bbox 168 537 1361 625; baseline 0.008 -24"><span class='ocrx_word' id='word_1_6' title='bbox 168 548 216 602; x_wconf 88' lang='lat' dir='ltr'>tra</span> <span class='ocrx_word' id='word_1_7' title='bbox 230 537 391 619; x_wconf 85' lang='lat' dir='ltr'>insecutus,</span> <span class='ocrx_word' id='word_1_8' title='bbox 420 538 504 624; x_wconf 87' lang='lat' dir='ltr'>(quia</span> <span class='ocrx_word' id='word_1_9' title='bbox 518 549 551 604; x_wconf 87' lang='lat' dir='ltr'>et</span> <span class='ocrx_word' id='word_1_10' title='bbox 563 539 670 604; x_wconf 71' lang='lat' dir='ltr'>adnue</span> <span class='ocrx_word' id='word_1_11' title='bbox 685 539 879 624; x_wconf 81' lang='lat' dir='ltr'>degravabat,</span> <span class='ocrx_word' id='word_1_12' title='bbox 901 551 936 606; x_wconf 90' lang='lat' dir='ltr'>et</span> <span class='ocrx_word' id='word_1_13' title='bbox 953 539 1098 625; x_wconf 84' lang='lat' dir='ltr'>subjicere</span> <span class='ocrx_word' id='word_1_14' title='bbox 1119 565 1206 610; x_wconf 80' lang='lat' dir='ltr'>exer·</span> <span class='ocrx_word' id='word_1_15' title='bbox 1220 567 1253 619; x_wconf 82' lang='lat' dir='ltr'>u,</span> <span class='ocrx_word' id='word_1_16' title='bbox 1263 568 1292 619; x_wconf 79' lang='lat' dir='ltr'>c.</span> <span class='ocrx_word' id='word_1_17' title='bbox 1301 568 1361 619; x_wconf 74' lang='lat' dir='ltr'>scr.</span> 
     </span>
     <span class='ocr_line' id='line_1_3' title="bbox 168 625 1363 713; baseline 0.008 -25"><span class='ocrx_word' id='word_1_18' title='bbox 168 625 263 692; x_wconf 88' lang='lat' dir='ltr'>eitum</span> <span class='ocrx_word' id='word_1_19' title='bbox 285 625 413 711; x_wconf 74' lang='lat' dir='ltr'>pugna‘¹</span> <span class='ocrx_word' id='word_1_20' title='bbox 435 627 546 693; x_wconf 81' lang='lat' dir='ltr'>sessum</span> <span class='ocrx_word' id='word_1_21' title='bbox 571 627 694 690; x_wconf 86' lang='lat' dir='ltr'>tumulis</span> <span class='ocrx_word' id='word_1_22' title='bbox 718 627 757 705; x_wconf 86' lang='lat' dir='ltr'>ab</span> <span class='ocrx_word' id='word_1_23' title='bbox 779 629 868 692; x_wconf 84' lang='lat' dir='ltr'>hoste</span> <span class='ocrx_word' id='word_1_24' title='bbox 889 631 1044 713; x_wconf 87' lang='lat' dir='ltr'>occupatis</span> <span class='ocrx_word' id='word_1_25' title='bbox 1066 631 1204 713; x_wconf 81' lang='lat' dir='ltr'>nolebat)</span> <span class='ocrx_word' id='word_1_26' title='bbox 1218 634 1363 687; x_wconf 52' lang='lat' dir='ltr'>ww(</span> 
     </span>
     <span class='ocr_line' id='line_1_4' title="bbox 168 711 1206 799; baseline 0.005 -22"><span class='ocrx_word' id='word_1_27' title='bbox 168 711 269 799; x_wconf 77' lang='lat' dir='ltr'>preda</span> <span class='ocrx_word' id='word_1_28' title='bbox 298 715 381 776; x_wconf 89' lang='lat' dir='ltr'>omni</span> <span class='ocrx_word' id='word_1_29' title='bbox 412 725 578 778; x_wconf 68' lang='lat' dir='ltr'>amborum</span> <span class='ocrx_word' id='word_1_30' title='bbox 612 713 702 776; x_wconf 88' lang='lat' dir='ltr'>militi</span> <span class='ocrx_word' id='word_1_31' title='bbox 732 715 817 794; x_wconf 88' lang='lat' dir='ltr'>data,</span> <span class='ocrx_word' id='word_1_32' title='bbox 854 715 1002 779; x_wconf 83' lang='lat' dir='ltr'>victorem</span> <span class='ocrx_word' id='word_1_33' title='bbox 1029 718 1206 795; x_wconf 85' lang='lat' dir='ltr'>exercitum,</span> 
     </span>
     <span class='ocr_line' id='line_1_5' title="bbox 168 797 1206 884; baseline 0.009 -25"><span class='ocrx_word' id='word_1_34' title='bbox 168 798 406 881; x_wconf 88' lang='lat' dir='ltr'>opulentumque</span> <span class='ocrx_word' id='word_1_35' title='bbox 430 797 555 864; x_wconf 74' lang='lat' dir='ltr'>Gallicis</span> <span class='ocrx_word' id='word_1_36' title='bbox 583 801 707 884; x_wconf 58' lang='lat' dir='ltr'>spoliis,</span> <span class='ocrx_word' id='word_1_37' title='bbox 733 799 864 864; x_wconf 82' lang='lat' dir='ltr'><strong>Romam</strong></span> <span class='ocrx_word' id='word_1_38' title='bbox 895 802 1025 866; x_wconf 86' lang='lat' dir='ltr'>reduxit.</span> <span class='ocrx_word' id='word_1_39' title='bbox 1082 802 1206 867; x_wconf 90' lang='lat' dir='ltr'>Moram</span> 
     </span>
     <span class='ocr_line' id='line_1_6' title="bbox 167 884 1206 970; baseline 0.005 -21"><span class='ocrx_word' id='word_1_40' title='bbox 167 884 321 970; x_wconf 86' lang='lat' dir='ltr'>triumpho</span> <span class='ocrx_word' id='word_1_41' title='bbox 336 887 442 950; x_wconf 84' lang='lat' dir='ltr'>vulnus</span> <span class='ocrx_word' id='word_1_42' title='bbox 468 885 598 949; x_wconf 89' lang='lat' dir='ltr'>consulis</span> <span class='ocrx_word' id='word_1_43' title='bbox 624 885 744 950; x_wconf 89' lang='lat' dir='ltr'>adtulit.</span> <span class='ocrx_word' id='word_1_44' title='bbox 769 887 934 969; x_wconf 87' lang='lat' dir='ltr'>eademque</span> <span class='ocrx_word' id='word_1_45' title='bbox 954 909 1062 952; x_wconf 87' lang='lat' dir='ltr'>caussa</span> <span class='ocrx_word' id='word_1_46' title='bbox 1075 890 1206 954; x_wconf 85' lang='lat' dir='ltr'>dictato-</span> 
     </span>
     <span class='ocr_line' id='line_1_7' title="bbox 167 970 1206 1058; baseline 0.006 -26"><span class='ocrx_word' id='word_1_47' title='bbox 167 970 208 1033; x_wconf 89' lang='lat' dir='ltr'>ris</span> <span class='ocrx_word' id='word_1_48' title='bbox 235 971 415 1038; x_wconf 88' lang='lat' dir='ltr'>desiderium</span> <span class='ocrx_word' id='word_1_49' title='bbox 438 974 554 1041; x_wconf 84' lang='lat' dir='ltr'>senatui</span> <span class='ocrx_word' id='word_1_50' title='bbox 578 971 661 1051; x_wconf 82' lang='lat' dir='ltr'>fecit,</span> <span class='ocrx_word' id='word_1_51' title='bbox 685 983 720 1035; x_wconf 91' lang='lat' dir='ltr'>ut</span> <span class='ocrx_word' id='word_1_52' title='bbox 743 985 834 1052; x_wconf 87' lang='lat' dir='ltr'>esset,</span> <span class='ocrx_word' id='word_1_53' title='bbox 854 975 907 1056; x_wconf 93' lang='lat' dir='ltr'>qui</span> <span class='ocrx_word' id='word_1_54' title='bbox 928 976 1015 1058; x_wconf 75' lang='lat' dir='ltr'>egris</span> <span class='ocrx_word' id='word_1_55' title='bbox 1034 976 1206 1040; x_wconf 87' lang='lat' dir='ltr'>consulibus</span> 
     </span>
     <span class='ocr_line' id='line_1_8' title="bbox 167 1057 1363 1148; baseline 0.004 -26"><span class='ocrx_word' id='word_1_56' title='bbox 167 1058 293 1124; x_wconf 78' lang='lat' dir='ltr'>comitia</span> <span class='ocrx_word' id='word_1_57' title='bbox 315 1058 451 1122; x_wconf 85' lang='lat' dir='ltr'>haberet.</span> <span class='ocrx_word' id='word_1_58' title='bbox 493 1057 635 1124; x_wconf 79' lang='lat' dir='ltr'><strong>Dictator</strong></span> <span class='ocrx_word' id='word_1_59' title='bbox 650 1057 685 1122; x_wconf 83' lang='lat'>1..</span> <span class='ocrx_word' id='word_1_60' title='bbox 702 1057 807 1122; x_wconf 82' lang='lat' dir='ltr'>Furius</span> <span class='ocrx_word' id='word_1_61' title='bbox 822 1059 968 1124; x_wconf 74' lang='lat' dir='ltr'><strong>Camillus</strong></span> <span class='ocrx_word' id='word_1_62' title='bbox 984 1062 1095 1140; x_wconf 89' lang='lat' dir='ltr'>dictus,</span> <span class='ocrx_word' id='word_1_63' title='bbox 1119 1063 1363 1148; x_wconf 51' lang='lat' dir='ltr'>addi-„mk</span> 
     </span>
    </p>
   </div>
   <div class='ocr_carea' id='block_1_3' title="bbox 46 1144 1356 1230">
    <p class='ocr_par' dir='ltr' id='par_1_3' title="bbox 46 1144 1356 1230">
     <span class='ocr_line' id='line_1_9' title="bbox 46 1144 1356 1230; baseline 0.005 -25"><span class='ocrx_word' id='word_1_64' title='bbox 46 1213 50 1222; x_wconf 31' lang='grc' dir='ltr'><strong><em>Ι</em></strong></span> <span class='ocrx_word' id='word_1_65' title='bbox 166 1155 200 1206; x_wconf 88' lang='lat' dir='ltr'>to</span> <span class='ocrx_word' id='word_1_66' title='bbox 227 1145 373 1226; x_wconf 87' lang='lat' dir='ltr'>magistro</span> <span class='ocrx_word' id='word_1_67' title='bbox 400 1145 535 1227; x_wconf 88' lang='lat' dir='ltr'>equitum</span> <span class='ocrx_word' id='word_1_68' title='bbox 562 1145 595 1208; x_wconf 88' lang='lat' dir='ltr'>P.</span> <span class='ocrx_word' id='word_1_69' title='bbox 611 1144 752 1208; x_wconf 88' lang='lat' dir='ltr'>Cornelio</span> <span class='ocrx_word' id='word_1_70' title='bbox 768 1145 922 1230; x_wconf 85' lang='lat' dir='ltr'>Scipione,</span> <span class='ocrx_word' id='word_1_71' title='bbox 947 1149 1082 1212; x_wconf 80' lang='lat' dir='ltr'>reddidit</span> <span class='ocrx_word' id='word_1_72' title='bbox 1108 1148 1356 1212; x_wconf 69' lang='lat' dir='ltr'>Patri-rotae·-</span> 
     </span>
    </p>
   </div>
   <div class='ocr_carea' id='block_1_4' title="bbox 124 1228 1362 3676">
    <p class='ocr_par' dir='ltr' id='par_1_4' title="bbox 165 1228 1303 1479">
     <span class='ocr_line' id='line_1_10' title="bbox 165 1228 1303 1316; baseline 0.007 -24"><span class='ocrx_word' id='word_1_73' title='bbox 165 1229 220 1292; x_wconf 90' lang='lat' dir='ltr'>bus</span> <span class='ocrx_word' id='word_1_74' title='bbox 241 1233 462 1314; x_wconf 83' lang='lat' dir='ltr'>possessionem</span> <span class='ocrx_word' id='word_1_75' title='bbox 484 1232 643 1316; x_wconf 73' lang='lat' dir='ltr'>pristinam</span> <span class='ocrx_word' id='word_1_76' title='bbox 658 1233 841 1299; x_wconf 75' lang='lat' dir='ltr'>consulatum.</span> <span class='ocrx_word' id='word_1_77' title='bbox 863 1232 927 1316; x_wconf 91' lang='lat' dir='ltr'>ipse</span> <span class='ocrx_word' id='word_1_78' title='bbox 949 1235 990 1297; x_wconf 94' lang='lat' dir='ltr'>ob</span> <span class='ocrx_word' id='word_1_79' title='bbox 1011 1234 1044 1298; x_wconf 91' lang='lat' dir='ltr'>id</span> <span class='ocrx_word' id='word_1_80' title='bbox 1063 1237 1207 1300; x_wconf 89' lang='lat' dir='ltr'>meritum</span> <span class='ocrx_word' id='word_1_81' title='bbox 1218 1228 1303 1278; x_wconf 55' lang='grc' dir='ltr'>ὼ·</span> 
     </span>
     <span class='ocr_line' id='line_1_11' title="bbox 165 1317 1206 1405; baseline 0.005 -23"><span class='ocrx_word' id='word_1_82' title='bbox 165 1317 280 1400; x_wconf 79' lang='lat' dir='ltr'>ingenti</span> <span class='ocrx_word' id='word_1_83' title='bbox 297 1318 420 1382; x_wconf 79' lang='lat' dir='ltr'>Petrum</span> <span class='ocrx_word' id='word_1_84' title='bbox 435 1319 536 1382; x_wconf 92' lang='lat' dir='ltr'>studio</span> <span class='ocrx_word' id='word_1_85' title='bbox 552 1332 671 1382; x_wconf 87' lang='lat' dir='ltr'>creatus</span> <span class='ocrx_word' id='word_1_86' title='bbox 685 1320 804 1399; x_wconf 90' lang='lat' dir='ltr'>consul,</span> <span class='ocrx_word' id='word_1_87' title='bbox 811 1319 961 1403; x_wconf 86' lang='lat' dir='ltr'>collegam</span> <span class='ocrx_word' id='word_1_88' title='bbox 974 1320 1036 1405; x_wconf 86' lang='lat' dir='ltr'>Ap.</span> <span class='ocrx_word' id='word_1_89' title='bbox 1045 1319 1206 1388; x_wconf 90' lang='lat' dir='ltr'>Claudium</span> 
     </span>
     <span class='ocr_line' id='line_1_12' title="bbox 166 1401 1201 1479; baseline 0.008 -15"><span class='ocrx_word' id='word_1_90' title='bbox 166 1401 307 1468; x_wconf 78' lang='lat' dir='ltr'><strong>Crassum</strong></span> <span class='ocrx_word' id='word_1_91' title='bbox 321 1405 411 1468; x_wconf 88' lang='lat' dir='ltr'>dixit.</span> <span class='ocrx_word' id='word_1_92' title='bbox 1076 1455 1080 1462; x_wconf 79' lang='lat'><em>‚</em></span> <span class='ocrx_word' id='word_1_93' title='bbox 1196 1468 1201 1479; x_wconf 92' lang='grc'>,</span> 
     </span>
    </p>

    <p class='ocr_par' dir='ltr' id='par_1_5' title="bbox 124 1487 1362 3041">
     <span class='ocr_line' id='line_1_13' title="bbox 207 1487 1205 1576; baseline 0.003 -22"><span class='ocrx_word' id='word_1_94' title='bbox 207 1487 308 1555; x_wconf 89' lang='lat' dir='ltr'><strong>XXV.</strong></span> <span class='ocrx_word' id='word_1_95' title='bbox 331 1489 508 1576; x_wconf 77' lang='lat' dir='ltr'>Priusquam</span> <span class='ocrx_word' id='word_1_96' title='bbox 548 1493 661 1556; x_wconf 89' lang='lat' dir='ltr'>inirent</span> <span class='ocrx_word' id='word_1_97' title='bbox 698 1491 767 1560; x_wconf 86' lang='lat' dir='ltr'>novi</span> <span class='ocrx_word' id='word_1_98' title='bbox 806 1492 943 1556; x_wconf 84' lang='lat' dir='ltr'>consules</span> <span class='ocrx_word' id='word_1_99' title='bbox 983 1495 1205 1576; x_wconf 86' lang='lat' dir='ltr'>magistratum,</span> 
     </span>
     <span class='ocr_line' id='line_1_14' title="bbox 164 1575 1203 1663; baseline 0.005 -25"><span class='ocrx_word' id='word_1_100' title='bbox 164 1575 333 1661; x_wconf 84' lang='lat' dir='ltr'>triumphus</span> <span class='ocrx_word' id='word_1_101' title='bbox 356 1578 518 1662; x_wconf 88' lang='lat' dir='ltr'>aPopillio</span> <span class='ocrx_word' id='word_1_102' title='bbox 542 1578 580 1640; x_wconf 90' lang='lat' dir='ltr'>de</span> <span class='ocrx_word' id='word_1_103' title='bbox 594 1576 689 1641; x_wconf 90' lang='lat' dir='ltr'>Gallis</span> <span class='ocrx_word' id='word_1_104' title='bbox 713 1590 800 1640; x_wconf 89' lang='lat' dir='ltr'>actus</span> <span class='ocrx_word' id='word_1_105' title='bbox 826 1601 939 1662; x_wconf 84' lang='lat' dir='ltr'>magno</span> <span class='ocrx_word' id='word_1_106' title='bbox 962 1579 1063 1644; x_wconf 83' lang='lat' dir='ltr'>favore</span> <span class='ocrx_word' id='word_1_107' title='bbox 1085 1581 1203 1663; x_wconf 80' lang='lat' dir='ltr'>plebis:</span> 
     </span>
     <span class='ocr_line' id='line_1_15' title="bbox 163 1665 1203 1747; baseline 0.003 -21"><span class='ocrx_word' id='word_1_108' title='bbox 163 1675 390 1747; x_wconf 68' lang='lat' dir='ltr'>mussantesque</span> <span class='ocrx_word' id='word_1_109' title='bbox 405 1666 484 1728; x_wconf 85' lang='lat' dir='ltr'>inter</span> <span class='ocrx_word' id='word_1_110' title='bbox 498 1686 530 1726; x_wconf 89' lang='lat' dir='ltr'>se</span> <span class='ocrx_word' id='word_1_111' title='bbox 545 1665 730 1746; x_wconf 87' lang='lat' dir='ltr'>rogitabant,</span> <span class='ocrx_word' id='word_1_112' title='bbox 744 1665 840 1727; x_wconf 88' lang='lat' dir='ltr'>‘num</span> <span class='ocrx_word' id='word_1_113' title='bbox 851 1686 941 1746; x_wconf 90' lang='lat' dir='ltr'>quem</span> <span class='ocrx_word' id='word_1_114' title='bbox 951 1665 1059 1747; x_wconf 90' lang='lat' dir='ltr'>plebeii</span> <span class='ocrx_word' id='word_1_115' title='bbox 1071 1667 1203 1729; x_wconf 88' lang='lat' dir='ltr'>consulis</span> 
     </span>
     <span class='ocr_line' id='line_1_16' title="bbox 162 1749 1203 1833; baseline 0.005 -22"><span class='ocrx_word' id='word_1_116' title='bbox 162 1749 175 1812; x_wconf 69' lang='lat'>‘,</span> <span class='ocrx_word' id='word_1_117' title='bbox 187 1751 348 1831; x_wconf 86' lang='lat' dir='ltr'>poeniteret</span> <span class='ocrx_word' id='word_1_118' title='bbox 358 1749 382 1812; x_wconf 80' lang='lat' dir='ltr'>i&#39;</span> <span class='ocrx_word' id='word_1_119' title='bbox 399 1749 495 1812; x_wconf 88' lang='lat' dir='ltr'>Simul</span> <span class='ocrx_word' id='word_1_120' title='bbox 511 1751 694 1813; x_wconf 87' lang='lat' dir='ltr'>dictatorem</span> <span class='ocrx_word' id='word_1_121' title='bbox 708 1750 916 1833; x_wconf 83' lang='lat' dir='ltr'>increpabant,</span> <span class='ocrx_word' id='word_1_122' title='bbox 925 1752 977 1833; x_wconf 93' lang='lat' dir='ltr'>qui</span> <span class='ocrx_word' id='word_1_123' title='bbox 989 1752 1065 1833; x_wconf 86' lang='lat' dir='ltr'>legis</span> <span class='ocrx_word' id='word_1_124' title='bbox 1078 1749 1203 1816; x_wconf 82' lang='lat' dir='ltr'>Licinias</span> 
     </span>
     <span class='ocr_line' id='line_1_17' title="bbox 162 1836 1201 1922; baseline 0.006 -27"><span class='ocrx_word' id='word_1_125' title='bbox 162 1847 270 1917; x_wconf 79' lang='lat' dir='ltr'>spretae</span> <span class='ocrx_word' id='word_1_126' title='bbox 300 1837 470 1898; x_wconf 83' lang='lat' dir='ltr'>mercedem</span> <span class='ocrx_word' id='word_1_127' title='bbox 500 1837 702 1916; x_wconf 87' lang='lat' dir='ltr'>consulatum,</span> <span class='ocrx_word' id='word_1_128' title='bbox 743 1836 861 1920; x_wconf 85' lang='lat' dir='ltr'>privata</span> <span class='ocrx_word' id='word_1_129' title='bbox 890 1837 1069 1921; x_wconf 83' lang='lat' dir='ltr'>cupiditate,</span> <span class='ocrx_word' id='word_1_130' title='bbox 1110 1859 1201 1922; x_wconf 87' lang='lat' dir='ltr'>quam</span> 
     </span>
     <span class='ocr_line' id='line_1_18' title="bbox 161 1921 1201 2006; baseline 0.005 -24"><span class='ocrx_word' id='word_1_131' title='bbox 161 1921 283 2004; x_wconf 85' lang='lat' dir='ltr'>publiea</span> <span class='ocrx_word' id='word_1_132' title='bbox 294 1921 414 2004; x_wconf 85' lang='lat' dir='ltr'>injuria,</span> <span class='ocrx_word' id='word_1_133' title='bbox 429 1922 598 2001; x_wconf 72' lang='lat' dir='ltr'>fortiorem,</span> <span class='ocrx_word' id='word_1_134' title='bbox 612 1923 754 2006; x_wconf 78' lang='lat' dir='ltr'>cepisset,</span> <span class='ocrx_word' id='word_1_135' title='bbox 775 1935 811 1986; x_wconf 90' lang='lat' dir='ltr'>ut</span> <span class='ocrx_word' id='word_1_136' title='bbox 832 1945 865 1985; x_wconf 89' lang='lat' dir='ltr'>ae</span> <span class='ocrx_word' id='word_1_137' title='bbox 885 1924 949 2006; x_wconf 86' lang='lat' dir='ltr'>ipse</span> <span class='ocrx_word' id='word_1_138' title='bbox 964 1924 1120 1987; x_wconf 91' lang='lat' dir='ltr'>consulem</span> <span class='ocrx_word' id='word_1_139' title='bbox 1134 1924 1201 1988; x_wconf 90' lang='lat' dir='ltr'>die·</span> 
     </span>
     <span class='ocr_line' id='line_1_19' title="bbox 161 2008 1355 2092; baseline 0.006 -24"><span class='ocrx_word' id='word_1_140' title='bbox 161 2018 243 2069; x_wconf 90' lang='lat' dir='ltr'>tator</span> <span class='ocrx_word' id='word_1_141' title='bbox 256 2019 384 2071; x_wconf 86' lang='lat' dir='ltr'>crearet.</span> <span class='ocrx_word' id='word_1_142' title='bbox 410 2069 413 2078; x_wconf 86' lang='grc'><em>,</em></span> <span class='ocrx_word' id='word_1_143' title='bbox 427 2009 533 2071; x_wconf 88' lang='lat' dir='ltr'>Annus</span> <span class='ocrx_word' id='word_1_144' title='bbox 549 2008 651 2071; x_wconf 91' lang='lat' dir='ltr'>multis</span> <span class='ocrx_word' id='word_1_145' title='bbox 665 2009 813 2090; x_wconf 87' lang='lat' dir='ltr'>variisque</span> <span class='ocrx_word' id='word_1_146' title='bbox 837 2011 970 2072; x_wconf 88' lang='lat' dir='ltr'>motibus</span> <span class='ocrx_word' id='word_1_147' title='bbox 984 2010 1041 2073; x_wconf 82' lang='lat' dir='ltr'>fuit</span> <span class='ocrx_word' id='word_1_148' title='bbox 1065 2010 1200 2092; x_wconf 85' lang='lat' dir='ltr'>insignis.</span> <span class='ocrx_word' id='word_1_149' title='bbox 1214 2028 1247 2082; x_wconf 84' lang='lat' dir='ltr'>u,</span> <span class='ocrx_word' id='word_1_150' title='bbox 1258 2033 1287 2082; x_wconf 85' lang='lat' dir='ltr'>c.</span> <span class='ocrx_word' id='word_1_151' title='bbox 1296 2034 1355 2084; x_wconf 62' lang='grc' dir='ltr'>ιω,</span> 
     </span>
     <span class='ocr_line' id='line_1_20' title="bbox 124 2090 1349 2178; baseline 0.002 -22"><span class='ocrx_word' id='word_1_152' title='bbox 124 2158 126 2162; x_wconf 76' lang='grc'><strong>,</strong></span> <span class='ocrx_word' id='word_1_153' title='bbox 161 2090 241 2156; x_wconf 87' lang='lat' dir='ltr'>Galli</span> <span class='ocrx_word' id='word_1_154' title='bbox 266 2115 305 2156; x_wconf 87' lang='lat' dir='ltr'>ex</span> <span class='ocrx_word' id='word_1_155' title='bbox 329 2093 455 2157; x_wconf 87' lang='lat' dir='ltr'>Albanis</span> <span class='ocrx_word' id='word_1_156' title='bbox 477 2095 643 2173; x_wconf 88' lang='lat' dir='ltr'>montibus,</span> <span class='ocrx_word' id='word_1_157' title='bbox 669 2095 741 2175; x_wconf 90' lang='lat' dir='ltr'>quia</span> <span class='ocrx_word' id='word_1_158' title='bbox 762 2095 870 2157; x_wconf 90' lang='lat' dir='ltr'>hiemis</span> <span class='ocrx_word' id='word_1_159' title='bbox 884 2096 945 2158; x_wconf 86' lang='lat' dir='ltr'>vim</span> <span class='ocrx_word' id='word_1_160' title='bbox 971 2095 1037 2178; x_wconf 88' lang='lat' dir='ltr'>pati</span> <span class='ocrx_word' id='word_1_161' title='bbox 1057 2095 1199 2177; x_wconf 85' lang='lat' dir='ltr'>nequive-</span> <span class='ocrx_word' id='word_1_162' title='bbox 1211 2098 1349 2174; x_wconf 48' lang='lat' dir='ltr'>&amp;Clui-</span> 
     </span>
     <span class='ocr_line' id='line_1_21' title="bbox 162 2162 1362 2277; baseline 0.003 -35"><span class='ocrx_word' id='word_1_163' title='bbox 162 2192 242 2256; x_wconf 89' lang='lat' dir='ltr'>rant,</span> <span class='ocrx_word' id='word_1_164' title='bbox 256 2201 310 2260; x_wconf 84' lang='lat' dir='ltr'>per</span> <span class='ocrx_word' id='word_1_165' title='bbox 325 2201 449 2262; x_wconf 87' lang='lat' dir='ltr'>campos</span> <span class='ocrx_word' id='word_1_166' title='bbox 464 2181 674 2261; x_wconf 86' lang='lat' dir='ltr'>maritimaque</span> <span class='ocrx_word' id='word_1_167' title='bbox 690 2180 759 2242; x_wconf 89' lang='lat' dir='ltr'>loca</span> <span class='ocrx_word' id='word_1_168' title='bbox 772 2181 842 2262; x_wconf 84' lang='lat' dir='ltr'>vagi</span> <span class='ocrx_word' id='word_1_169' title='bbox 857 2180 1090 2264; x_wconf 81' lang='lat' dir='ltr'>populabantur.</span> <span class='ocrx_word' id='word_1_170' title='bbox 1127 2180 1199 2245; x_wconf 86' lang='lat' dir='ltr'>Ms-</span> <span class='ocrx_word' id='word_1_171' title='bbox 1211 2162 1240 2276; x_wconf 49' lang='lat'>{⁸</span> <span class='ocrx_word' id='word_1_172' title='bbox 1251 2163 1362 2277; x_wconf 51' lang='lat' dir='ltr'>fffib</span> 
     </span>
     <span class='ocr_line' id='line_1_22' title="bbox 161 2245 1278 2349; baseline 0.004 -21"><span class='ocrx_word' id='word_1_173' title='bbox 161 2285 193 2328; x_wconf 89' lang='lat' dir='ltr'>re</span> <span class='ocrx_word' id='word_1_174' title='bbox 218 2264 361 2330; x_wconf 78' lang='lat' dir='ltr'>infestum</span> <span class='ocrx_word' id='word_1_175' title='bbox 387 2266 530 2330; x_wconf 77' lang='lat' dir='ltr'>classibus</span> <span class='ocrx_word' id='word_1_176' title='bbox 552 2264 724 2328; x_wconf 77' lang='lat' dir='ltr'>Graecorum</span> <span class='ocrx_word' id='word_1_177' title='bbox 744 2277 820 2344; x_wconf 88' lang='lat' dir='ltr'>erat,</span> <span class='ocrx_word' id='word_1_178' title='bbox 845 2287 957 2349; x_wconf 90' lang='lat' dir='ltr'>oraque</span> <span class='ocrx_word' id='word_1_179' title='bbox 979 2266 1076 2330; x_wconf 87' lang='lat' dir='ltr'>litoris</span> <span class='ocrx_word' id='word_1_180' title='bbox 1089 2245 1278 2344; x_wconf 46' lang='lat' dir='ltr'>Antis-cf,</span> 
     </span>
     <span class='ocr_line' id='line_1_23' title="bbox 161 2349 1199 2435; baseline 0.005 -23"><span class='ocrx_word' id='word_1_181' title='bbox 161 2349 211 2429; x_wconf 87' lang='lat' dir='ltr'>tis,</span> <span class='ocrx_word' id='word_1_182' title='bbox 227 2349 420 2434; x_wconf 78' lang='lat' dir='ltr'>Laurensque</span> <span class='ocrx_word' id='word_1_183' title='bbox 435 2362 559 2430; x_wconf 85' lang='lat' dir='ltr'>tractus,</span> <span class='ocrx_word' id='word_1_184' title='bbox 575 2362 607 2414; x_wconf 88' lang='lat' dir='ltr'>et</span> <span class='ocrx_word' id='word_1_185' title='bbox 625 2349 744 2414; x_wconf 88' lang='lat' dir='ltr'>Tiberis</span> <span class='ocrx_word' id='word_1_186' title='bbox 758 2353 859 2415; x_wconf 79' lang='lat' dir='ltr'>ostia:</span> <span class='ocrx_word' id='word_1_187' title='bbox 884 2365 921 2416; x_wconf 90' lang='lat' dir='ltr'>ut</span> <span class='ocrx_word' id='word_1_188' title='bbox 936 2353 1092 2435; x_wconf 72' lang='lat' dir='ltr'>praedones</span> <span class='ocrx_word' id='word_1_189' title='bbox 1105 2354 1199 2417; x_wconf 88' lang='lat' dir='ltr'>mari·</span> 
     </span>
     <span class='ocr_line' id='line_1_24' title="bbox 160 2436 1199 2521; baseline 0.006 -23"><span class='ocrx_word' id='word_1_190' title='bbox 160 2436 237 2515; x_wconf 90' lang='lat' dir='ltr'>timi,</span> <span class='ocrx_word' id='word_1_191' title='bbox 264 2439 538 2502; x_wconf 71' lang='lat' dir='ltr'>cum‘terrestribus</span> <span class='ocrx_word' id='word_1_192' title='bbox 560 2438 726 2520; x_wconf 83' lang='lat' dir='ltr'>congressi,</span> <span class='ocrx_word' id='word_1_193' title='bbox 748 2438 875 2521; x_wconf 91' lang='lat' dir='ltr'>ancipiti</span> <span class='ocrx_word' id='word_1_194' title='bbox 896 2439 991 2502; x_wconf 91' lang='lat' dir='ltr'>semel</span> <span class='ocrx_word' id='word_1_195' title='bbox 1034 2441 1120 2502; x_wconf 83' lang='lat' dir='ltr'>roelio</span> <span class='ocrx_word' id='word_1_196' title='bbox 1143 2441 1199 2504; x_wconf 89' lang='lat' dir='ltr'>de·</span> 
     </span>
     <span class='ocr_line' id='line_1_25' title="bbox 161 2461 1200 2608; baseline 0.01 -26"><span class='ocrx_word' id='word_1_197' title='bbox 161 2525 315 2604; x_wconf 85' lang='lat' dir='ltr'>certarint,</span> <span class='ocrx_word' id='word_1_198' title='bbox 338 2525 480 2608; x_wconf 88' lang='lat' dir='ltr'>dubiique</span> <span class='ocrx_word' id='word_1_199' title='bbox 506 2524 698 2586; x_wconf 80' lang='lat' dir='ltr'>discesserint</span> <span class='ocrx_word' id='word_1_200' title='bbox 720 2524 750 2586; x_wconf 94' lang='lat' dir='ltr'>in</span> <span class='ocrx_word' id='word_1_201' title='bbox 775 2537 876 2587; x_wconf 87' lang='lat' dir='ltr'>castra</span> <span class='ocrx_word' id='word_1_202' title='bbox 890 2523 981 2606; x_wconf 86' lang='lat' dir='ltr'>Galli,</span> <span class='ocrx_word' id='word_1_203' title='bbox 1007 2461 1103 2589; x_wconf 68' lang='lat' dir='ltr'>draci</span> <span class='ocrx_word' id='word_1_204' title='bbox 1119 2538 1200 2593; x_wconf 88' lang='lat' dir='ltr'>retro</span> 
     </span>
     <span class='ocr_line' id='line_1_26' title="bbox 160 2610 1201 2696; baseline 0.006 -25"><span class='ocrx_word' id='word_1_205' title='bbox 160 2610 200 2673; x_wconf 85' lang='lat' dir='ltr'>ad</span> <span class='ocrx_word' id='word_1_206' title='bbox 216 2631 317 2691; x_wconf 80' lang='lat' dir='ltr'>naves,</span> <span class='ocrx_word' id='word_1_207' title='bbox 330 2610 428 2693; x_wconf 81' lang='lat' dir='ltr'>victos</span> <span class='ocrx_word' id='word_1_208' title='bbox 441 2633 485 2690; x_wconf 86' lang='lat' dir='ltr'>ss,</span> <span class='ocrx_word' id='word_1_209' title='bbox 507 2633 546 2673; x_wconf 90' lang='lat' dir='ltr'>an</span> <span class='ocrx_word' id='word_1_210' title='bbox 561 2611 701 2689; x_wconf 86' lang='lat' dir='ltr'>victores,</span> <span class='ocrx_word' id='word_1_211' title='bbox 723 2623 874 2693; x_wconf 86' lang='lat' dir='ltr'>putarent.</span> <span class='ocrx_word' id='word_1_212' title='bbox 919 2610 1002 2674; x_wconf 90' lang='lat' dir='ltr'>Inter</span> <span class='ocrx_word' id='word_1_213' title='bbox 1017 2614 1094 2675; x_wconf 79' lang='lat' dir='ltr'>hose</span> <span class='ocrx_word' id='word_1_214' title='bbox 1110 2613 1201 2696; x_wconf 89' lang='lat' dir='ltr'>longe</span> 
     </span>
     <span class='ocr_line' id='line_1_27' title="bbox 159 2696 1201 2781; baseline 0.007 -25"><span class='ocrx_word' id='word_1_215' title='bbox 159 2697 310 2759; x_wconf 83' lang='lat' dir='ltr'>maximus</span> <span class='ocrx_word' id='word_1_216' title='bbox 332 2698 450 2761; x_wconf 80' lang='lat' dir='ltr'>exstitit</span> <span class='ocrx_word' id='word_1_217' title='bbox 471 2710 580 2775; x_wconf 85' lang='lat' dir='ltr'>terror,</span> <span class='ocrx_word' id='word_1_218' title='bbox 607 2697 737 2759; x_wconf 87' lang='lat' dir='ltr'>concilia</span> <span class='ocrx_word' id='word_1_219' title='bbox 760 2699 941 2781; x_wconf 90' lang='lat' dir='ltr'>populorum</span> <span class='ocrx_word' id='word_1_220' title='bbox 958 2696 1137 2762; x_wconf 80' lang='lat' dir='ltr'>Latinorum</span> <span class='ocrx_word' id='word_1_221' title='bbox 1161 2701 1201 2763; x_wconf 90' lang='lat' dir='ltr'>ad</span> 
     </span>
     <span class='ocr_line' id='line_1_28' title="bbox 159 2782 1200 2868; baseline 0.007 -26"><span class='ocrx_word' id='word_1_222' title='bbox 159 2782 261 2845; x_wconf 91' lang='lat' dir='ltr'>lucum</span> <span class='ocrx_word' id='word_1_223' title='bbox 291 2782 459 2857; x_wconf 77' lang='lat' dir='ltr'>Ferentinae</span> <span class='ocrx_word' id='word_1_224' title='bbox 492 2784 614 2847; x_wconf 85' lang='lat' dir='ltr'>habits:</span> <span class='ocrx_word' id='word_1_225' title='bbox 647 2804 884 2867; x_wconf 86' lang='lat' dir='ltr'>responsumque</span> <span class='ocrx_word' id='word_1_226' title='bbox 913 2785 996 2848; x_wconf 91' lang='lat' dir='ltr'>haud</span> <span class='ocrx_word' id='word_1_227' title='bbox 1025 2787 1200 2868; x_wconf 84' lang='lat' dir='ltr'>ambiguum</span> 
     </span>
     <span class='ocr_line' id='line_1_29' title="bbox 159 2869 1200 2955; baseline 0.005 -25"><span class='ocrx_word' id='word_1_228' title='bbox 159 2869 374 2952; x_wconf 88' lang='lat' dir='ltr'>imperantibus</span> <span class='ocrx_word' id='word_1_229' title='bbox 400 2870 511 2933; x_wconf 81' lang='lat' dir='ltr'>milites</span> <span class='ocrx_word' id='word_1_230' title='bbox 526 2869 672 2933; x_wconf 88' lang='lat' dir='ltr'>Romanis</span> <span class='ocrx_word' id='word_1_231' title='bbox 694 2871 812 2949; x_wconf 87' lang='lat' dir='ltr'>datum,</span> <span class='ocrx_word' id='word_1_232' title='bbox 838 2871 1039 2935; x_wconf 84' lang='lat' dir='ltr'>‘absisterent</span> <span class='ocrx_word' id='word_1_233' title='bbox 1052 2874 1200 2955; x_wconf 84' lang='lat' dir='ltr'>imperare</span> 
     </span>
     <span class='ocr_line' id='line_1_30' title="bbox 159 2954 1199 3041; baseline 0.007 -27"><span class='ocrx_word' id='word_1_234' title='bbox 159 2955 169 2986; x_wconf 90' lang='lat'>‘</span> <span class='ocrx_word' id='word_1_235' title='bbox 185 2956 231 3033; x_wconf 87' lang='lat' dir='ltr'>iis,</span> <span class='ocrx_word' id='word_1_236' title='bbox 248 2977 375 3037; x_wconf 89' lang='lat' dir='ltr'>quorum</span> <span class='ocrx_word' id='word_1_237' title='bbox 389 2957 502 3019; x_wconf 79' lang='lat' dir='ltr'>auxilio</span> <span class='ocrx_word' id='word_1_238' title='bbox 517 2968 649 3037; x_wconf 84' lang='lat' dir='ltr'>egerent.</span> <span class='ocrx_word' id='word_1_239' title='bbox 692 2954 819 3019; x_wconf 85' lang='lat' dir='ltr'>Latinos</span> <span class='ocrx_word' id='word_1_240' title='bbox 842 2979 897 3039; x_wconf 91' lang='lat' dir='ltr'>pro</span> <span class='ocrx_word' id='word_1_241' title='bbox 911 2979 967 3020; x_wconf 88' lang='lat' dir='ltr'>sua</span> <span class='ocrx_word' id='word_1_242' title='bbox 986 2958 1127 3023; x_wconf 86' lang='lat' dir='ltr'>libertate</span> <span class='ocrx_word' id='word_1_243' title='bbox 1142 2981 1199 3041; x_wconf 94' lang='lat' dir='ltr'>po-</span> 
     </span>
    </p>

    <p class='ocr_par' dir='ltr' id='par_1_6' title="bbox 154 3039 1346 3676">
     <span class='ocr_line' id='line_1_31' title="bbox 159 3039 1198 3125; baseline 0.006 -23"><span class='ocrx_word' id='word_1_244' title='bbox 159 3039 256 3119; x_wconf 85' lang='lat' dir='ltr'>‘tius,</span> <span class='ocrx_word' id='word_1_245' title='bbox 271 3062 361 3121; x_wconf 85' lang='lat' dir='ltr'>quam</span> <span class='ocrx_word' id='word_1_246' title='bbox 383 3064 439 3125; x_wconf 91' lang='lat' dir='ltr'>pro</span> <span class='ocrx_word' id='word_1_247' title='bbox 465 3042 563 3105; x_wconf 88' lang='lat' dir='ltr'>alieno</span> <span class='ocrx_word' id='word_1_248' title='bbox 586 3042 724 3125; x_wconf 89' lang='lat' dir='ltr'>imperio,</span> <span class='ocrx_word' id='word_1_249' title='bbox 749 3043 862 3105; x_wconf 86' lang='lat' dir='ltr'>laturos</span> <span class='ocrx_word' id='word_1_250' title='bbox 889 3043 993 3105; x_wconf 67' lang='lat' dir='ltr'>arma!</span> <span class='ocrx_word' id='word_1_251' title='bbox 1037 3043 1122 3107; x_wconf 91' lang='lat' dir='ltr'>Inter</span> <span class='ocrx_word' id='word_1_252' title='bbox 1137 3046 1198 3108; x_wconf 92' lang='lat' dir='ltr'>duo</span> 
     </span>
     <span class='ocr_line' id='line_1_32' title="bbox 159 3124 1198 3205; baseline 0.006 -19"><span class='ocrx_word' id='word_1_253' title='bbox 159 3124 247 3187; x_wconf 89' lang='lat' dir='ltr'>simul</span> <span class='ocrx_word' id='word_1_254' title='bbox 269 3127 350 3188; x_wconf 89' lang='lat' dir='ltr'>bella</span> <span class='ocrx_word' id='word_1_255' title='bbox 363 3138 498 3205; x_wconf 83' lang='lat' dir='ltr'>externe,</span> <span class='ocrx_word' id='word_1_256' title='bbox 524 3127 695 3189; x_wconf 83' lang='lat' dir='ltr'>defectione</span> <span class='ocrx_word' id='word_1_257' title='bbox 718 3128 812 3189; x_wconf 89' lang='lat' dir='ltr'>etiam</span> <span class='ocrx_word' id='word_1_258' title='bbox 832 3128 982 3190; x_wconf 85' lang='lat' dir='ltr'>sociorum</span> <span class='ocrx_word' id='word_1_259' title='bbox 1005 3142 1126 3192; x_wconf 81' lang='lat' dir='ltr'>senatus</span> <span class='ocrx_word' id='word_1_260' title='bbox 1142 3151 1198 3192; x_wconf 89' lang='lat' dir='ltr'>an-</span> 
     </span>
     <span class='ocr_line' id='line_1_33' title="bbox 158 3212 1197 3294; baseline 0 -18"><span class='ocrx_word' id='word_1_261' title='bbox 158 3212 235 3289; x_wconf 85' lang='lat' dir='ltr'>xius,</span> <span class='ocrx_word' id='word_1_262' title='bbox 262 3232 354 3294; x_wconf 94' lang='lat' dir='ltr'>quum</span> <span class='ocrx_word' id='word_1_263' title='bbox 370 3226 507 3276; x_wconf 89' lang='lat' dir='ltr'>cerneret</span> <span class='ocrx_word' id='word_1_264' title='bbox 527 3224 611 3275; x_wconf 91' lang='lat' dir='ltr'>metu</span> <span class='ocrx_word' id='word_1_265' title='bbox 635 3212 794 3291; x_wconf 88' lang='lat' dir='ltr'>tenendos,</span> <span class='ocrx_word' id='word_1_266' title='bbox 819 3234 894 3294; x_wconf 89' lang='lat' dir='ltr'>quos</span> <span class='ocrx_word' id='word_1_267' title='bbox 917 3214 992 3277; x_wconf 83' lang='lat' dir='ltr'>fides</span> <span class='ocrx_word' id='word_1_268' title='bbox 1006 3235 1068 3276; x_wconf 91' lang='lat' dir='ltr'>non</span> <span class='ocrx_word' id='word_1_269' title='bbox 1083 3215 1197 3277; x_wconf 88' lang='lat' dir='ltr'>tenuis-</span> 
     </span>
     <span class='ocr_line' id='line_1_34' title="bbox 159 3298 1198 3381; baseline 0.006 -23"><span class='ocrx_word' id='word_1_270' title='bbox 159 3308 215 3375; x_wconf 91' lang='lat' dir='ltr'>set,</span> <span class='ocrx_word' id='word_1_271' title='bbox 230 3299 394 3361; x_wconf 85' lang='lat' dir='ltr'>extendere</span> <span class='ocrx_word' id='word_1_272' title='bbox 410 3319 515 3361; x_wconf 91' lang='lat' dir='ltr'>omnes</span> <span class='ocrx_word' id='word_1_273' title='bbox 538 3299 655 3381; x_wconf 90' lang='lat' dir='ltr'>imperii</span> <span class='ocrx_word' id='word_1_274' title='bbox 669 3299 746 3361; x_wconf 86' lang='lat' dir='ltr'>vires</span> <span class='ocrx_word' id='word_1_275' title='bbox 762 3298 900 3361; x_wconf 87' lang='lat' dir='ltr'>consules</span> <span class='ocrx_word' id='word_1_276' title='bbox 922 3299 1043 3363; x_wconf 90' lang='lat' dir='ltr'>delectu</span> <span class='ocrx_word' id='word_1_277' title='bbox 1057 3300 1198 3364; x_wconf 89' lang='lat' dir='ltr'>habendo</span> 
     </span>
     <span class='ocr_line' id='line_1_35' title="bbox 154 3382 1197 3469; baseline 0.004 -24"><span class='ocrx_word' id='word_1_278' title='bbox 154 3382 259 3467; x_wconf 69' lang='lat' dir='ltr'>jussit.</span> <span class='ocrx_word' id='word_1_279' title='bbox 278 3384 356 3446; x_wconf 86' lang='lat' dir='ltr'>civili</span> <span class='ocrx_word' id='word_1_280' title='bbox 380 3384 493 3469; x_wconf 91' lang='lat' dir='ltr'>quippe</span> <span class='ocrx_word' id='word_1_281' title='bbox 509 3386 650 3447; x_wconf 90' lang='lat' dir='ltr'>standum</span> <span class='ocrx_word' id='word_1_282' title='bbox 671 3386 808 3447; x_wconf 88' lang='lat' dir='ltr'>exercitu</span> <span class='ocrx_word' id='word_1_283' title='bbox 829 3405 907 3464; x_wconf 86' lang='lat' dir='ltr'>esse,</span> <span class='ocrx_word' id='word_1_284' title='bbox 928 3386 1050 3469; x_wconf 87' lang='lat' dir='ltr'>quando</span> <span class='ocrx_word' id='word_1_285' title='bbox 1064 3388 1197 3449; x_wconf 81' lang='lat' dir='ltr'>²⁸socia-</span> 
     </span>
     <span class='ocr_line' id='line_1_36' title="bbox 159 3466 1346 3553; baseline 0.007 -23"><span class='ocrx_word' id='word_1_286' title='bbox 159 3469 196 3531; x_wconf 90' lang='lat' dir='ltr'>lis</span> <span class='ocrx_word' id='word_1_287' title='bbox 225 3482 321 3533; x_wconf 86' lang='lat' dir='ltr'>coetus</span> <span class='ocrx_word' id='word_1_288' title='bbox 351 3471 512 3533; x_wconf 87' lang='lat' dir='ltr'>desereret.</span> <span class='ocrx_word' id='word_1_289' title='bbox 568 3466 723 3553; x_wconf 90' lang='lat' dir='ltr'>Undique,</span> <span class='ocrx_word' id='word_1_290' title='bbox 753 3492 814 3533; x_wconf 91' lang='lat' dir='ltr'>non</span> <span class='ocrx_word' id='word_1_291' title='bbox 843 3474 960 3535; x_wconf 88' lang='lat' dir='ltr'>urbana</span> <span class='ocrx_word' id='word_1_292' title='bbox 984 3484 1114 3553; x_wconf 87' lang='lat' dir='ltr'>tantum,</span> <span class='ocrx_word' id='word_1_293' title='bbox 1144 3474 1197 3537; x_wconf 85' lang='lat' dir='ltr'>sed</span> <span class='ocrx_word' id='word_1_294' title='bbox 1210 3478 1346 3531; x_wconf 69' lang='lat' dir='ltr'>&amp;numm</span> 
     </span>
     <span class='ocr_line' id='line_1_37' title="bbox 158 3546 1336 3676; baseline 0.004 -55"><span class='ocrx_word' id='word_1_295' title='bbox 158 3557 251 3621; x_wconf 82' lang='lat' dir='ltr'>etiam</span> <span class='ocrx_word' id='word_1_296' title='bbox 280 3559 392 3640; x_wconf 80' lang='lat' dir='ltr'>agresti</span> <span class='ocrx_word' id='word_1_297' title='bbox 414 3556 583 3641; x_wconf 80' lang='lat' dir='ltr'>juventute,</span> <span class='ocrx_word' id='word_1_298' title='bbox 613 3558 719 3620; x_wconf 91' lang='lat' dir='ltr'>decem</span> <span class='ocrx_word' id='word_1_299' title='bbox 745 3558 880 3641; x_wconf 82' lang='lat' dir='ltr'>legiones</span> <span class='ocrx_word' id='word_1_300' title='bbox 910 3560 1028 3645; x_wconf 76' lang='lat' dir='ltr'>scripte</span> <span class='ocrx_word' id='word_1_301' title='bbox 1057 3546 1336 3676; x_wconf 55' lang='lat' dir='ltr'>dicunturmb·</span> 
     </span>
    </p>
   </div>
   <div class='ocr_carea' id='block_1_5' title="bbox 156 3722 1201 3853">
    <p class='ocr_par' dir='ltr' id='par_1_7' title="bbox 156 3722 1201 3853">
     <span class='ocr_line' id='line_1_38' title="bbox 188 3722 1201 3791; baseline 0.002 -17"><span class='ocrx_word' id='word_1_302' title='bbox 188 3724 200 3759; x_wconf 78' lang='lat'>‘¹</span> <span class='ocrx_word' id='word_1_303' title='bbox 208 3724 411 3790; x_wconf 67' lang='lat' dir='ltr'>pugna-midas)</span> <span class='ocrx_word' id='word_1_304' title='bbox 430 3725 519 3774; x_wconf 82' lang='lat' dir='ltr'>sublata</span> <span class='ocrx_word' id='word_1_305' title='bbox 528 3723 659 3789; x_wconf 80' lang='lat' dir='ltr'>parenthesi</span> <span class='ocrx_word' id='word_1_306' title='bbox 669 3722 735 3787; x_wconf 82' lang='lat' dir='ltr'>iege:</span> <span class='ocrx_word' id='word_1_307' title='bbox 754 3722 920 3789; x_wconf 59' lang='lat' dir='ltr'>poposceram</span> <span class='ocrx_word' id='word_1_308' title='bbox 933 3742 986 3774; x_wconf 81' lang='lat' dir='ltr'>now</span> <span class='ocrx_word' id='word_1_309' title='bbox 996 3725 1064 3774; x_wconf 79' lang='lat' dir='ltr'>labori</span> <span class='ocrx_word' id='word_1_310' title='bbox 1073 3726 1167 3791; x_wconf 80' lang='lat' dir='ltr'>nolebat,</span> <span class='ocrx_word' id='word_1_311' title='bbox 1185 3744 1201 3776; x_wconf 82' lang='lat' dir='ltr'>a</span> 
     </span>
     <span class='ocr_line' id='line_1_39' title="bbox 156 3790 1134 3853; baseline 0.001 -14"><span class='ocrx_word' id='word_1_312' title='bbox 156 3792 297 3853; x_wconf 78' lang='lat' dir='ltr'>persequenda</span> <span class='ocrx_word' id='word_1_313' title='bbox 306 3790 363 3839; x_wconf 68' lang='lat' dir='ltr'>loce</span> <span class='ocrx_word' id='word_1_314' title='bbox 374 3791 482 3839; x_wconf 70' lang='lat' dir='ltr'>manauit</span> <span class='ocrx_word' id='word_1_315' title='bbox 489 3807 499 3849; x_wconf 90' lang='lat'>,·</span> <span class='ocrx_word' id='word_1_316' title='bbox 511 3791 602 3840; x_wconf 78' lang='lat' dir='ltr'>russulis</span> <span class='ocrx_word' id='word_1_317' title='bbox 611 3790 638 3840; x_wconf 81' lang='lat' dir='ltr'>ab</span> <span class='ocrx_word' id='word_1_318' title='bbox 645 3790 703 3839; x_wconf 74' lang='lat' dir='ltr'>laus</span> <span class='ocrx_word' id='word_1_319' title='bbox 712 3791 829 3853; x_wconf 70' lang='lat' dir='ltr'>ampotis.</span> <span class='ocrx_word' id='word_1_320' title='bbox 838 3790 913 3851; x_wconf 82' lang='lat' dir='ltr'>preda</span> <span class='ocrx_word' id='word_1_321' title='bbox 922 3799 964 3840; x_wconf 78' lang='lat' dir='ltr'>etc.</span> <span class='ocrx_word' id='word_1_322' title='bbox 975 3790 1049 3840; x_wconf 84' lang='lat' dir='ltr'>Gran.</span> <span class='ocrx_word' id='word_1_323' title='bbox 1063 3792 1134 3841; x_wconf 71' lang='lat' dir='ltr'>Crat.</span> 
     </span>
    </p>
   </div>
   <div class='ocr_carea' id='block_1_6' title="bbox 158 3856 299 3906">
    <p class='ocr_par' dir='ltr' id='par_1_8' title="bbox 158 3856 299 3906">
     <span class='ocr_line' id='line_1_40' title="bbox 158 3856 299 3906; baseline 0.007 -1"><span class='ocrx_word' id='word_1_324' title='bbox 158 3862 169 3887; x_wconf 71' lang='lat'>⁸</span> <span class='ocrx_word' id='word_1_325' title='bbox 180 3856 224 3905; x_wconf 72' lang='lat' dir='ltr'>lto</span> <span class='ocrx_word' id='word_1_326' title='bbox 234 3856 299 3906; x_wconf 70' lang='lat' dir='ltr'>seu.</span> 
     </span>
    </p>
   </div>
   <div class='ocr_carea' id='block_1_7' title="bbox 156 3992 1202 4580">
    <p class='ocr_par' dir='ltr' id='par_1_9' title="bbox 156 3992 1202 4580">
     <span class='ocr_line' id='line_1_41' title="bbox 156 3992 1202 4060; baseline 0.001 -18"><span class='ocrx_word' id='word_1_327' title='bbox 156 3993 208 4056; x_wconf 78' lang='lat' dir='ltr'>legi.</span> <span class='ocrx_word' id='word_1_328' title='bbox 242 3993 323 4042; x_wconf 67' lang='lat' dir='ltr'>Canni</span> <span class='ocrx_word' id='word_1_329' title='bbox 339 3994 662 4055; x_wconf 64' lang='lat' dir='ltr'>murmuraremus,</span> <span class='ocrx_word' id='word_1_330' title='bbox 692 3994 754 4043; x_wconf 80' lang='lat' dir='ltr'>rium</span> <span class='ocrx_word' id='word_1_331' title='bbox 771 4010 816 4043; x_wconf 79' lang='lat' dir='ltr'>rex</span> <span class='ocrx_word' id='word_1_332' title='bbox 833 4002 915 4052; x_wconf 60' lang='lat' dir='ltr'>maru</span> <span class='ocrx_word' id='word_1_333' title='bbox 935 4010 987 4058; x_wconf 74' lang='lat' dir='ltr'>quas</span> <span class='ocrx_word' id='word_1_334' title='bbox 1003 3994 1108 4060; x_wconf 52' lang='lat' dir='ltr'>museto</span> <span class='ocrx_word' id='word_1_335' title='bbox 1126 3992 1202 4043; x_wconf 80' lang='lat' dir='ltr'>minus</span> 
     </span>
     <span class='ocr_line' id='line_1_42' title="bbox 156 4058 1202 4125; baseline -0.001 -18"><span class='ocrx_word' id='word_1_336' title='bbox 156 4060 213 4121; x_wconf 82' lang='lat' dir='ltr'>quod</span> <span class='ocrx_word' id='word_1_337' title='bbox 231 4068 254 4107; x_wconf 81' lang='lat' dir='ltr'>st</span> <span class='ocrx_word' id='word_1_338' title='bbox 271 4059 352 4107; x_wconf 72' lang='lat' dir='ltr'>aulaea</span> <span class='ocrx_word' id='word_1_339' title='bbox 362 4058 502 4124; x_wconf 60' lang='lat' dir='ltr'>degum,</span> <span class='ocrx_word' id='word_1_340' title='bbox 521 4068 542 4109; x_wconf 81' lang='lat' dir='ltr'>rt</span> <span class='ocrx_word' id='word_1_341' title='bbox 557 4060 661 4121; x_wconf 67' lang='grc' dir='ltr'>ιιιῌίοιη</span> <span class='ocrx_word' id='word_1_342' title='bbox 691 4062 781 4125; x_wconf 82' lang='lat' dir='ltr'>proprie</span> <span class='ocrx_word' id='word_1_343' title='bbox 799 4058 838 4107; x_wconf 86' lang='lat' dir='ltr'>bic</span> <span class='ocrx_word' id='word_1_344' title='bbox 858 4072 964 4124; x_wconf 82' lang='lat' dir='ltr'>usurpata</span> <span class='ocrx_word' id='word_1_345' title='bbox 981 4061 1080 4109; x_wconf 82' lang='lat' dir='ltr'>videtur.</span> <span class='ocrx_word' id='word_1_346' title='bbox 1112 4059 1202 4108; x_wconf 69' lang='lat' dir='ltr'>form.</span> 
     </span>
     <span class='ocr_line' id='line_1_43' title="bbox 156 4124 1202 4189; baseline -0.002 -16"><span class='ocrx_word' id='word_1_347' title='bbox 156 4126 273 4173; x_wconf 69' lang='lat' dir='ltr'>meina</span> <span class='ocrx_word' id='word_1_348' title='bbox 294 4125 384 4173; x_wconf 66' lang='lat' dir='ltr'>umuli·</span> <span class='ocrx_word' id='word_1_349' title='bbox 412 4124 440 4171; x_wconf 82' lang='lat' dir='ltr'>ab</span> <span class='ocrx_word' id='word_1_350' title='bbox 470 4124 527 4173; x_wconf 72' lang='lat' dir='ltr'>boas</span> <span class='ocrx_word' id='word_1_351' title='bbox 552 4126 662 4186; x_wconf 76' lang='lat' dir='ltr'>computis</span> <span class='ocrx_word' id='word_1_352' title='bbox 691 4124 800 4175; x_wconf 83' lang='lat' dir='ltr'>aedeleri</span> <span class='ocrx_word' id='word_1_353' title='bbox 811 4135 898 4189; x_wconf 79' lang='lat' dir='ltr'>posset,</span> <span class='ocrx_word' id='word_1_354' title='bbox 914 4125 1202 4175; x_wconf 80' lang='lat' dir='ltr'>utmslcinserrarbim·</span> 
     </span>
     <span class='ocr_line' id='line_1_44' title="bbox 156 4188 1201 4255; baseline -0.002 -18"><span class='ocrx_word' id='word_1_355' title='bbox 156 4188 248 4247; x_wconf 72' lang='lat' dir='ltr'>oddar,</span> <span class='ocrx_word' id='word_1_356' title='bbox 274 4190 349 4249; x_wconf 76' lang='lat' dir='ltr'>preda</span> <span class='ocrx_word' id='word_1_357' title='bbox 374 4190 433 4237; x_wconf 76' lang='lat' dir='ltr'>carni</span> <span class='ocrx_word' id='word_1_358' title='bbox 450 4198 570 4237; x_wconf 83' lang='lat' dir='ltr'>curtromm</span> <span class='ocrx_word' id='word_1_359' title='bbox 597 4189 665 4237; x_wconf 84' lang='lat' dir='ltr'>militi</span> <span class='ocrx_word' id='word_1_360' title='bbox 694 4189 1201 4255; x_wconf 79' lang='lat' dir='ltr'>peritoaliquoemendstore,quinonride.</span> 
     </span>
     <span class='ocr_line' id='line_1_45' title="bbox 156 4252 1202 4320; baseline 0.005 -21"><span class='ocrx_word' id='word_1_361' title='bbox 156 4252 349 4317; x_wconf 77' lang='lat' dir='ltr'>data....Atque</span> <span class='ocrx_word' id='word_1_362' title='bbox 360 4252 409 4303; x_wconf 81' lang='lat' dir='ltr'>baec</span> <span class='ocrx_word' id='word_1_363' title='bbox 421 4254 492 4303; x_wconf 85' lang='lat' dir='ltr'>lectio</span> <span class='ocrx_word' id='word_1_364' title='bbox 505 4269 559 4303; x_wconf 81' lang='lat' dir='ltr'>rane</span> <span class='ocrx_word' id='word_1_365' title='bbox 571 4254 663 4303; x_wconf 85' lang='lat' dir='ltr'>contin·</span> <span class='ocrx_word' id='word_1_366' title='bbox 696 4267 733 4303; x_wconf 86' lang='lat' dir='ltr'>ret</span> <span class='ocrx_word' id='word_1_367' title='bbox 744 4267 794 4320; x_wconf 85' lang='lat' dir='ltr'>post</span> <span class='ocrx_word' id='word_1_368' title='bbox 805 4270 888 4303; x_wconf 83' lang='lat' dir='ltr'>nomen</span> <span class='ocrx_word' id='word_1_369' title='bbox 897 4255 1202 4319; x_wconf 60' lang='lat' dir='ltr'>mdasupplendumerae</span> 
     </span>
     <span class='ocr_line' id='line_1_46' title="bbox 156 4316 1200 4385; baseline 0.006 -22"><span class='ocrx_word' id='word_1_370' title='bbox 156 4316 582 4381; x_wconf 79' lang='lat' dir='ltr'>nioreteleganriorvulgatavidstur.</span> <span class='ocrx_word' id='word_1_371' title='bbox 601 4318 663 4367; x_wconf 85' lang='lat' dir='ltr'>Nos·</span> <span class='ocrx_word' id='word_1_372' title='bbox 695 4336 724 4371; x_wconf 78' lang='lat' dir='ltr'>ex</span> <span class='ocrx_word' id='word_1_373' title='bbox 745 4322 820 4385; x_wconf 83' lang='lat' dir='ltr'>priora</span> <span class='ocrx_word' id='word_1_374' title='bbox 841 4321 944 4368; x_wconf 84' lang='lat' dir='ltr'>membro</span> <span class='ocrx_word' id='word_1_375' title='bbox 964 4324 1078 4369; x_wconf 67' lang='lat' dir='ltr'>amus.</span> <span class='ocrx_word' id='word_1_376' title='bbox 1119 4321 1200 4382; x_wconf 79' lang='lat' dir='ltr'>Atque</span> 
     </span>
     <span class='ocr_line' id='line_1_47' title="bbox 156 4382 1199 4439; baseline 0.006 -11"><span class='ocrx_word' id='word_1_377' title='bbox 156 4382 279 4431; x_wconf 78' lang='lat' dir='ltr'>triennes</span> <span class='ocrx_word' id='word_1_378' title='bbox 291 4382 365 4433; x_wconf 86' lang='lat' dir='ltr'>MSS.</span> <span class='ocrx_word' id='word_1_379' title='bbox 375 4385 523 4435; x_wconf 83' lang='lat' dir='ltr'>consentiunt</span> <span class='ocrx_word' id='word_1_380' title='bbox 539 4399 593 4435; x_wconf 79' lang='lat' dir='ltr'>cum</span> <span class='ocrx_word' id='word_1_381' title='bbox 604 4383 665 4434; x_wconf 87' lang='lat' dir='ltr'>Gro-</span> <span class='ocrx_word' id='word_1_382' title='bbox 694 4399 745 4435; x_wconf 67' lang='grc' dir='ltr'>σιω</span> <span class='ocrx_word' id='word_1_383' title='bbox 766 4385 797 4434; x_wconf 86' lang='lat' dir='ltr'>ab</span> <span class='ocrx_word' id='word_1_384' title='bbox 813 4400 861 4433; x_wconf 82' lang='lat' dir='ltr'>uso</span> <span class='ocrx_word' id='word_1_385' title='bbox 872 4400 902 4434; x_wconf 81' lang='lat' dir='ltr'>ex</span> <span class='ocrx_word' id='word_1_386' title='bbox 913 4385 984 4439; x_wconf 83' lang='lat' dir='ltr'>Mss.</span> <span class='ocrx_word' id='word_1_387' title='bbox 1001 4386 1048 4436; x_wconf 82' lang='lat' dir='ltr'>sois</span> <span class='ocrx_word' id='word_1_388' title='bbox 1062 4386 1140 4436; x_wconf 64' lang='lat' dir='ltr'>aben</span> <span class='ocrx_word' id='word_1_389' title='bbox 1149 4396 1199 4434; x_wconf 81' lang='lat' dir='ltr'>tas·</span> 
     </span>
     <span class='ocr_line' id='line_1_48' title="bbox 156 4444 895 4507; baseline 0 -4"><span class='ocrx_word' id='word_1_390' title='bbox 156 4444 266 4495; x_wconf 76' lang='lat' dir='ltr'>nomm.</span> <span class='ocrx_word' id='word_1_391' title='bbox 639 4480 641 4484; x_wconf 94' lang='lat'>-</span> <span class='ocrx_word' id='word_1_392' title='bbox 694 4450 895 4507; x_wconf 64' lang='lat' dir='ltr'>stortisarius.</span> 
     </span>
     <span class='ocr_line' id='line_1_49' title="bbox 187 4509 664 4580; baseline 0.01 -18"><span class='ocrx_word' id='word_1_393' title='bbox 187 4510 209 4548; x_wconf 77' lang='lat'>¹⁸</span> <span class='ocrx_word' id='word_1_394' title='bbox 225 4509 316 4570; x_wconf 69' lang='lat' dir='ltr'>Sentit</span> <span class='ocrx_word' id='word_1_395' title='bbox 340 4513 419 4580; x_wconf 76' lang='lat' dir='ltr'>acro]</span> <span class='ocrx_word' id='word_1_396' title='bbox 444 4513 551 4570; x_wconf 61' lang='lat' dir='ltr'>matis</span> <span class='ocrx_word' id='word_1_397' title='bbox 571 4514 664 4567; x_wconf 69' lang='lat' dir='ltr'>Giano</span> 
     </span>
    </p>
   </div>
   <div class='ocr_carea' id='block_1_8' title="bbox 0 0 1592 5200">
    <p class='ocr_par' dir='ltr' id='par_1_10' title="bbox 0 0 1592 5200">
     <span class='ocr_line' id='line_1_50' title="bbox 0 0 1592 5200; baseline 0 4"><span class='ocrx_word' id='word_1_398' title='bbox 0 0 1592 5200; x_wconf 95' lang='lat' dir='ltr'> </span> 
     </span>
    </p>
   </div>
  </div>
 </body>
</html>
