3175 5200
486 359 564 419 LIB.
573 358 609 418 V.
630 358 712 427 CAP.
731 356 840 419 XLVI.
1066 422 1070 429 ,
1125 366 1186 429 837

134 521 254 583 ‘cauti
297 516 330 581 Si
344 516 428 581 vobis
443 516 475 577 in
490 516 593 577 animo
614 526 662 578 est
687 515 764 577 tueri
786 514 1024 594 moeniarestra,
1038 536 1096 579 nec
1111 517 1178 600 pati
1193 521 1332 575 mosas.

133 594 149 640 ‘'
163 606 336 669 haecomnia
344 604 475 667 Galliam
482 601 557 680 fieri,
566 602 665 684 prima
673 602 776 683 vigilia
785 597 885 683 capite
895 622 979 663 arma
988 604 1175 684 frequentes:
1189 588 1259 640 Μ·
1270 587 1328 638 ³⁰⁷·

49 752 53 763 ,
138 693 150 725 ‘
165 712 214 755 me
228 692 387 775 sequimini
402 690 441 751 ad
456 688 649 767 caedem,non
663 688 702 749 ad
713 708 858 771 pugnarn.
871 688 929 748 nisi
942 688 1078 751 vinctos¹
1092 712 1174 753 som·
1249 740 1253 748 .

138 780 150 813 ‘
165 800 217 857 no,
231 779 333 841 velutl
347 778 488 861 pecudes,
504 774 700 837 trucidandos
715 773 878 852 tradidero,
893 794 956 836 non
970 795 1077 837 recuso
1090 798 1176 839 eum·

137 866 150 898 ¹
165 866 235 927 dem
251 866 357 929 Ardeae
369 884 467 925 rerum
478 882 615 923 mearum
631 862 758 938 exitum,
773 881 863 942 quern
878 860 984 923 Romae
998 861 1111 924 habui.'

181 950 277 1013 XLV.
298 950 409 1033 AEquis
439 949 608 1030 iniquisque
637 968 812 1029 persuasum
848 958 925 1027 erat,
949 959 1070 1009 tantum
1096 949 1177 1011 bello

136 1038 234 1101 virum
258 1039 410 1101 neminem
433 1055 560 1118 usquam
583 1056 620 1096 ea
640 1046 824 1117 tempestate
838 1054 913 1095 esse.
939 1032 1114 1096 ⁴Concione
1128 1035 1184 1097 di·-

137 1125 242 1203 missa,
264 1144 392 1207 corpora
408 1133 532 1205 ‚curant
553 1122 674 1199 intenti,
701 1142 791 1203 quarn
812 1142 885 1183 mox
907 1120 1028 1201 signum
1045 1122 1177 1184 daretur.

135 1230 200 1291 quo
223 1212 307 1289 dato,
322 1211 425 1294 primm
439 1209 561 1271 silentio
575 1205 690 1269 noctis¹
714 1207 754 1269 ad
772 1218 875 1289 portas
890 1204 1052 1269 Camillofl
1066 1219 1177 1290 praesto

136 1297 231 1359 luere.
276 1295 407 1379 Egressi,
428 1294 510 1358 haud
534 1294 638 1376 procul
661 1294 745 1371 urbe,
768 1294 871 1356 sicut¹¹
899 1294 1075 1376 praedictum
1098 1304 1177 1372 erat,

136 1381 432 1459 castra-Gallorum,
460 1382 560 1443 intuta
581 1380 778 1461 neglectaque
805 1381 843 1442 ab
861 1380 943 1441 omni
967 1393 1054 1464 parte
1081 1382 1176 1459 nacti,
1189 1386 1289 1465 Gemit
1328 1370 1333 1382 ’

134 1470 272 1533 clamore
286 1470 442 1531 inuadunt.
484 1465 641 1549 Nusquam
662 1466 812 1549 proelium,
830 1468 969 1528 omnibus
984 1468 1057 1529 locis
1079 1468 1176 1530 cades
1188 1452 1352 1529 ‘imm’

136 1567 207 1617 est:
239 1557 321 1617 nuda
343 1575 470 1637 corpora
491 1566 522 1616 et
543 1555 642 1615 soluta
664 1574 772 1615 somno
794 1553 992 1616 trucidantur.
1022 1565 1176 1616 extremos
1188 1530 1249 1571 ω’

139 1654 244 1705 tamen
263 1662 355 1725 pavor
379 1640 527 1701 cubilibus
541 1640 602 1699 suis
617 1641 744 1717 excitos,
764 1639 903 1721 quae'aqt
922 1640 1003 1702 unde
1021 1641 1066 1701 vis
1085 1652 1176 1720 esset,

137 1728 271 1810 ignaros,
289 1728 320 1789 in
336 1727 450 1809 fugam,
472 1736 504 1786 et
526 1724 672 1807 quosdam
688 1726 719 1787 in
745 1725 865 1789 hostem
885 1721 983 1808 ipsum
1004 1727 1176 1810 inprovidos

130 1815 222 1879 tulit.
246 1834 358 1895 magna
377 1834 446 1897 pars
465 1812 498 1873 in
521 1831 626 1892 agrum
647 1811 806 1873 Antiatem
826 1812 930 1890 delati,
954 1814 1124 1876 incursione
1138 1815 1178 1876 ab

137 1900 301 1983 oppidanis
330 1899 362 1961 in
391 1898 510 1981 palatos
537 1896 630 1973 facta,
660 1898 944 1977 circumveniuntur.
1003 1898 1117 1961 Similis
1147 1903 1180 1962 in

140 2008 217 2069 agro
240 1985 361 2048 Veienti
387 1982 555 2047 'Priscorum
582 1982 667 2045 facta
692 1996 809 2066 strages
838 1994 903 2046 est:
937 1987 987 2067 qui
1001 1988 1094 2064 urbis,
1113 1986 1180 2069 jam
1191 2000 1321 2050 Tuscorum
1396 2065 1399 2069 Δ
1495 2031 1499 2041 ·

88 2150 90 2154 Α
141 2092 237 2157 prope
254 2072 582 2155 quadringentesimum
607 2090 719 2133 annum
742 2072 858 2148 vicina,
873 2072 1021 2153 obpressa
1035 2076 1074 2135 ab
1089 2075 1181 2137 hoste
1191 2079 1277 2128 ’Μ
1286 2068 1313 2145 l?
1341 2099 1345 2108 ·

139 2161 320 2221 inuisitato⁰
349 2159 555 2239 inauditoque,
587 2157 665 2219 adeo
696 2158 771 2219 nihil
805 2158 958 2220 miseritil‘
990 2173 1071 2238 sunt,
1093 2174 1128 2224 ut
1150 2148 1247 2249 inti}ro
1283 2144 1350 2182 ‘⁸²⁸'

139 2266 249 2327 agrum
265 2243 438 2307 Romanum
460 2265 497 2305 eo
519 2256 655 2325 tempore
671 2244 855 2307 incursiones
873 2246 1021 2325 facerent,
1042 2248 1183 2331 plenique

141 2333 251 2415 predae
276 2328 369 2393 Veios
395 2332 499 2409 etiarn,
524 2330 754 2413 praesidiumque
781 2344 813 2394 et
839 2352 925 2415 spem
950 2333 1183 2397 ultimam⁸lio·

132 2420 227 2480 mani
253 2419 393 2495 nominis,
425 2419 455 2479 in
486 2418 587 2479 animo
613 2418 774 2485 habuerint
803 2419 989 2500 obpugnare.
1033 2418 1183 2485 Viderunt

133 2528 196 2567 eos
211 2505 322 2589 milites
339 2504 482 2582 Romani,
505 2515 651 2585 vagantes
674 2524 728 2586 per
751 2525 840 2586 agros
860 2518 892 2567 et
912 2519 1112 2589 congregatos
1127 2529 1183 2590 sg-

136 2593 237 2671 rnine,
265 2592 396 2674 praedam
419 2613 480 2676 prae
503 2613 535 2653 se
559 2601 692 2672 agentes,
724 2602 756 2653 et
782 2602 882 2654 castra
907 2594 1072 2655 cernebant
1100 2595 1184 2657 haud

134 2680 248 2762 procul
264 2677 346 2740 Veiis
361 2679 470 2761 posita.
486 2678 557 2739 inde
572 2678 701 2760 primurn
721 2679 877 2741 miseratio
899 2681 955 2757 sui,
971 2679 1114 2742 deinde⁶⁰
1133 2683 1183 2744 in-

140 2766 288 2847 dignitas,
304 2776 393 2847 atque
410 2785 448 2826 ex
469 2784 507 2826 ea
525 2765 570 2824 ira
584 2764 702 2825 animos
717 2765 810 2848 cepit,
825 2765 1021 2828 ‘Etruscisne
1042 2767 1147 2845 etiam,
1162 2791 1183 2830 a

138 2853 154 2914 ⁴.
169 2853 276 2934 quibus
291 2852 403 2914 bellum
415 2843 565 2913 Gallicum
579 2851 609 2912 in
621 2872 653 2912 se
665 2853 852 2932 avertissent,
863 2853 993 2916 ludibrio
1003 2876 1068 2917 esse
1079 2855 1183 2917 clades

138 2940 153 2973 ⁴
168 2960 236 3000 suas
247 2937 270 3000 l'
294 2937 354 2999 Vix
363 2951 567 3022 temperavere
579 2938 698 3015 animis,
707 2940 777 3020 quin
789 2941 943 3021 extemplo
952 2940 1088 3024 inpetum
1099 2942 1185 3006 face·
1212 3013 1215 3017 ¹

140 3036 224 3086 rent:
240 3028 267 3070 ⁷⁰
279 3025 502 3107 compressique
517 3045 537 3084 a
551 3021 684 3085 Caedicio
699 3027 884 3107 centurione,
894 3047 983 3107 quem
992 3029 1183 3112 sibimetipsi

141 3109 350 3194 prefecerant,
365 3131 428 3171 rem
444 3111 477 3169 in
491 3121 613 3170 noctem
629 3110 806 3172 sustinuere.
841 3110 1040 3195 Tantumpar
1051 3112 1184 3176 Camillo

94 3201 101 3216 ‘
144 3195 241 3258 defuit
255 3207 371 3272 auctor,
385 3206 486 3256 cetera
500 3194 607 3256 eodem
622 3195 726 3256 ordine
748 3195 914 3278 eodemque
935 3196 1062 3259 fortune
1074 3212 1187 3263 eventu

143 3292 241 3364 gesta.
255 3281 328 3362 quin
343 3281 448 3358 etiam,
463 3279 588 3343 ducibus
603 3281 740 3363 captivis,
756 3282 807 3363 qui
823 3282 897 3342 cadi
911 3294 1066 3346 nocturnae
1078 3306 1184 3368 super·

134 3370 275 3446 ‘fuerant
284 3367 323 3428 ad
335 3366 426 3428 aliam
441 3385 565 3428 manum
574 3365 742 3430 'lhscorum
757 3368 797 3429 ad
808 3366 928 3430 Salinas
939 3369 1079 3451 proiecti,
1090 3385 1184 3437 nocte

141 3455 371 3537 insequentiex
385 3453 537 3536 inproviso
561 3452 708 3535 majorem
729 3455 843 3518 cadem
859 3456 991 3537 edidere,
1010 3457 1185 3541 duplicique

142 3543 272 3604 victoria
286 3552 410 3604 ovantes
425 3537 516 3601 Veios
531 3541 667 3604 redeunt.

187 3625 300 3690 XLVI.
322 3626 428 3690 Roma
449 3626 569 3688 interim
591 3629 765 3713 plerumque
781 3630 900 3693 obsidio
915 3633 1014 3715 segnis
1029 3644 1061 3696 et
1073 3636 1183 3702 utrim·
1249 3707 1253 3713 ¹

142 3735 202 3798 que
227 3715 380 3778 silentium
403 3735 479 3793 esse,
506 3713 545 3776 ad
570 3714 603 3776 id
632 3725 751 3793 tantum
776 3715 901 3780 intentis
925 3717 1092 3799 Gallique
1115 3723 1184 3803 quis

140 3803 278 3868 hostium
289 3801 415 3865 eradere
426 3802 505 3863 inter
520 3801 667 3864 stationes
681 3815 806 3885 posset:
829 3823 922 3884 quum
932 3817 1057 3889 repente
1063 3805 1183 3888 juvenis

143 3886 300 3950 Romanus
316 3888 517 3950 admiratione
531 3888 563 3950 in
577 3909 609 3950 se
621 3889 699 3951 cives
709 3889 872 3971 hostesque
883 3877 1044 3954 convertit'}
1079 3890 1183 3955 Sacri-

140 3974 245 4038 ficium
271 3987 337 4038 erat
362 3969 477 4038 statuin
503 3973 535 4036 in
560 3973 708 4046 Quirinali
738 3977 817 4040 colle
840 3978 925 4060 genti
955 3973 1065 4056 Fabia.
1087 3980 1128 4043 ad
1148 3979 1182 4042 id

177 4123 257 4174 ‘eidos
268 4123 420 4175 Groncrer.
463 4119 633 4175 *ululiEaed
684 4122 937 4176 lnoctbsilentiollad.
984 4128 1183 4188 *acmen

145 4185 238 4238 Camillo
247 4191 301 4240 MS.
312 4189 393 4240 Veith.
437 4187 689 4240 'dcutiGromCrem
732 4191 931 4241 mamoazer.
972 4191 1149 4241 amiud.

172 4297 199 4337 θ’
209 4298 225 4329 *
237 4301 371 4370 indignitas]
385 4303 520 4366 Indignatio.
530 4303 586 4353 Viri.
594 4314 645 4354 not.
677 4305 738 4368 qaod
747 4305 794 4354 duo
804 4320 818 4353 e
830 4303 912 4354 nonnis
921 4303 1021 4355 habenas
1043 4305 1158 4370 &apruni
1165 4325 1182 4358 a

138 4365 222 4416 stad
236 4369 304 4417 tlh.
677 4369 705 4424 Q.
724 4369 841 4418 cedrela-
864 4369 934 4419 Certe
951 4370 1060 4434 particula
1076 4389 1117 4437 que
1132 4387 1181 4424 oon

175 4429 200 4466 ⁷⁰
223 4429 379 4498 chpraiqus
397 4451 412 4482 o
433 4433 538 4500 Cedicb]
560 4433 643 4486 Parum
675 4437 731 4486 ratis
740 4435 794 4486 huic
805 4435 857 4486 loco
866 4436 981 4490 contenit.

137 4493 256 4545 intercur
270 4498 310 4545 sed
321 4509 398 4549 tamen
408 4499 533 4563 elegantius
541 4501 642 4569 viderim

187 4582 264 4632 vot.
278 4585 301 4632 1.
734 4587 756 4634 Ζ
