3175 5200
280 408 286 419 ·
374 328 430 437 roe
794 368 998 436 animun

206 532 345 607 lisceto.
371 548 480 597 norum
502 535 543 600 ad
564 532 790 598 Aristodemum
816 526 978 616 tyrannum
999 532 1180 598 contulerat.
1222 530 1272 599 Eo
1298 535 1412 601 nuncio

204 620 344 734 304⁹&
371 623 465 685 erecti
487 618 602 700 Patres,
623 630 724 684 erecta
734 619 857 720 plebes.
879 622 934 684 sed
954 618 1090 685 Patribru
1111 625 1138 663 ²⁸
1153 622 1244 685 nimis
1259 621 1412 687 luxuriosa

304 699 340 735 ‘¹'
370 706 1410 879 „ensem

371 879 477 965 Signia
511 880 641 958 colonia,
674 896 765 961 quam
804 900 857 943 rex
891 877 1071 964 Tarquinius
1111 882 1288 963 deduxerat,
1336 904 1408 969 sup·

369 969 453 1051 pleto
476 986 602 1029 numero
616 966 804 1045 colonorum,
818 966 927 1031 iterum
941 967 1074 1032 deducta
1093 982 1150 1034 cst.
1194 969 1300 1034 Romus
1313 974 1341 1013 ²⁴
1353 973 1409 1035 tri-

368 1054 423 1117 bus
445 1074 507 1116 una
526 1064 558 1117 et
577 1053 684 1136 uiginti
706 1052 804 1117 facte.
847 1050 943 1117 AEdes
969 1053 1112 1119 Mercurii
1131 1057 1276 1122 dedicata
1287 1071 1335 1121 est
1348 1058 1407 1121 idi-

204 1214 355 1333 }ffifflm
367 1139 531 1291 busxliii1¹⁵
534 1187 621 1290 ‘Cum
643 1224 823 1290 Volscorum
850 1238 943 1311 gente
973 1224 1085 1292 latino
1111 1231 1192 1293 bello
1213 1252 1311 1315 neque
1334 1250 1409 1317 pax,

365 1336 464 1401 neque
486 1316 598 1379 bellum
618 1314 726 1377 fueret.
741 1334 814 1378 nam
835 1325 868 1378 et
888 1314 991 1377 Volsci
1013 1330 1262 1401 comparaverant
1284 1317 1407 1398 euxila,

367 1424 432 1487 quse
446 1403 602 1466 mitterent
624 1400 752 1480 latinis,
773 1403 806 1463 ni
828 1412 1015 1471 maturatum
1036 1405 1076 1466 ab
1095 1405 1245 1469 dictatore
1268 1404 1408 1468 Romano

366 1502 470 1569 esset3
504 1500 537 1553 et
557 1488 720 1553 monuerit
744 1488 912 1568 Romanus,
933 1510 972 1552 ne
991 1491 1098 1574 proelio
1120 1512 1182 1555 uno
1204 1512 1274 1554 cum
1297 1489 1409 1555 launo

367 1576 538 1661 Volscoque
574 1576 779 1640 contenderet.
845 1574 914 1639 an
949 1577 994 1639 ira
1027 1580 1163 1642 consules
1198 1580 1230 1641 in
1263 1577 1407 1641 Volscum

368 1684 473 1749 agnum
490 1664 623 1747 legiones
639 1664 779 1727 duxere„
803 1660 942 1745 Volscos,
955 1665 1073 1727 consilii
1087 1686 1210 1749 poenam
1223 1686 1287 1729 non
1306 1679 1407 1729 metu·

367 1764 464 1833 entes,
486 1753 669 1838 necopinata
693 1770 739 1812 res
760 1752 899 1834 perculit.
941 1751 1102 1816 Armorum
1126 1754 1307 1815 inmemores
1324 1753 1407 1815 obsi·

366 1840 418 1903 des
433 1840 509 1905 dunt
524 1850 674 1903 trecentos
693 1838 865 1921 principum
888 1860 908 1900 e
930 1837 1010 1903 Cora
1024 1850 1115 1922 atque
1129 1839 1267 1903 Pometia
1286 1840 1406 1903 liberos.

364 1928 409 1991 itu
433 1928 498 1989 sine
520 1926 684 1990 certamine
709 1925 781 1987 inde
806 1926 945 1989 abductus
966 1925 1110 2009 legiones.
1153 1925 1220 1990 Nec
1242 1928 1288 1989 ita
1305 1927 1406 1989 multo

362 2027 433 2099 post
455 2012 571 2077 Volscis
592 2011 697 2077 levetis
719 2024 805 2075 metu
827 2034 915 2077 suum
936 2010 1026 2077 rediit
1040 2014 1213 2096 ingenium:
1237 2033 1335 2077 rursus
1349 2034 1406 2075 oc·

363 2100 477 2165 cultum
508 2111 619 2184 parant
652 2100 774 2177 bellum,
806 2098 946 2163 Hernicis
981 2100 1012 2162 in
1046 2103 1224 2165 societatem
1252 2115 1404 2163 armonem

362 2189 517 2251 adsumtis.
560 2184 692 2269 legatos
707 2208 828 2270 quoque
842 2186 882 2249 ad
899 2187 1123 2251 sollicitandum
1149 2187 1270 2252 Latium
1291 2188 1405 2273 psssim

362 2276 529 2338 dimittunt.
580 2272 641 2337 Sed
665 2296 771 2337 recens
798 2275 839 2336 ad
863 2274 1014 2357 Regillum
1034 2275 1135 2337 lacum
1154 2286 1284 2360 accepta
1302 2274 1405 2336 clades

361 2364 389 2403 ¹⁸
405 2360 529 2425 Intinos
543 2362 589 2424 ira
601 2362 732 2445 odioque
745 2360 821 2443 ejus,
835 2362 1016 2444 quicumque
1038 2382 1123 2424 erma
1142 2361 1292 2438 suaderet,
1313 2380 1352 2422 ne
1365 2361 1405 2422 ab

361 2448 468 2531 legetis
490 2448 610 2531 quidem
629 2446 777 2511 violandis
802 2448 958 2511 abstinuit.
1010 2444 1252 2531 Comprehensos
1276 2445 1405 2511 Volscos

362 2532 492 2597 Romam
518 2535 640 2597 duxere.
695 2533 740 2597 lbi
766 2533 871 2597 traditi
895 2535 1076 2599 consulibus.
1095 2535 1322 2618 indicatumque
1345 2546 1404 2614 est,

360 2618 489 2683 Volscos
515 2620 722 2704 Hernicosque
751 2643 858 2704 parare
885 2623 997 2685 bellum
1026 2621 1185 2687 Rommh.
1238 2622 1347 2685 Relata
1372 2643 1405 2683 re

362 2707 401 2770 ad
429 2719 577 2787 senatum,
600 2709 677 2772 adeo
706 2708 763 2771 iuit
790 2720 912 2791 gratum
939 2709 1085 2788 Patribus,
1106 2722 1195 2772 utet
1216 2709 1403 2793 captivomm

362 2815 415 2856 sex
429 2793 525 2856 millia
543 2793 659 2858 lmtinis
675 2797 876 2875 remitterent,
898 2807 931 2859 et
950 2796 989 2858 de
1007 2795 1131 2875 foedere,
1152 2795 1233 2878 quod
1253 2814 1350 2878 prope
1369 2795 1402 2856 in

361 2891 540 2964 perpetuum
555 2894 699 2964 negatum
719 2882 830 2962 fuerat,
854 2903 917 2945 rem
940 2883 981 2946 ad
1000 2901 1095 2946 novos
1116 2882 1309 2965 magistratum
1329 2878 1401 2964 reji-

361 2979 475 3032 cerent.
526 2967 687 3031 Enimvero
712 2980 777 3032 tum
799 2968 901 3032 launi
921 2971 1054 3052 gaudere
1074 2970 1167 3048 facto,
1190 2969 1274 3052 pacis
1295 2978 1402 3030 aucto·

360 3075 407 3116 res
428 3058 455 3096 ’⁸
469 3055 501 3117 in
514 3055 630 3138 ingenti
653 3055 750 3136 gloria
769 3077 845 3118 esse.
889 3055 1041 3120 Coronam
1062 3076 1184 3120 auream
1199 3054 1269 3119 dori
1289 3054 1403 3118 donum

361 3141 392 3204 in
419 3140 604 3226 Capitolium
627 3144 763 3206 mittunt.
786 3163 856 3204 cum
883 3144 991 3227 legatis
1011 3143 1161 3226 donoque,
1184 3142 1235 3224 qui
1263 3142 1402 3225 captivo-

360 3249 426 3292 rum
451 3230 567 3294 remissi
590 3231 630 3292 ad
653 3251 723 3293 suos
747 3229 876 3310 fuerant,
899 3252 1013 3313 magna
1039 3229 1221 3294 circumfusa
1238 3227 1403 3292 multitudo

361 3318 465 3381 venit·
496 3315 628 3401 Pergunt
650 3317 758 3380 domos
781 3338 896 3398 eorum,
917 3319 999 3402 spud
1027 3337 1118 3401 quem
1143 3319 1269 3400 quisque
1292 3316 1405 3378 servie-

392 3491 644 3560 vunnim]
669 3493 867 3546 Nouatismc-
898 3511 1007 3546 numerus
1032 3496 1061 3544 ad
1085 3495 1235 3558 qsu'nquem
1259 3491 1403 3556 marmur:

363 3559 450 3607 dente.
899 3561 1039 3618 excedunt,
1059 3575 1130 3624 quum
1151 3570 1229 3605 temen
1247 3558 1306 3620 epud
1322 3572 1403 3604 omnes

393 3623 416 3657 ⁹⁴
433 3622 448 3649 ⁴
462 3621 798 3692 dlidsuumstuigintisacte]
817 3627 867 3676 Ad·
898 3637 986 3676 comet
1015 3625 1117 3688 quinque
1142 3631 1231 3671 tantum
1258 3629 1284 3669 st
1308 3621 1403 3682 triginta

363 3689 419 3749 dits,
436 3699 463 3738 ut
483 3690 582 3751 ridetur,
602 3689 663 3740 tribu
685 3691 788 3742 Clartdie.
815 3691 868 3744 inu.
899 3691 971 3740 tribus
990 3689 1104 3738 Romnum
1121 3687 1200 3736 fuirre.
1238 3685 1347 3750 Denique
1364 3685 1402 3734 Si-

363 3756 464 3808 nendi?-
479 3756 507 3803 ad
520 3771 538 3805 r·
554 3759 596 3806 43.
614 3767 639 3806 et
656 3770 705 3808 not.
723 3761 761 3810 92.
775 3757 811 3806 ad.
832 3759 869 3807 16.
898 3757 978 3818 eonius
998 3755 1024 3804 in
1044 3755 1091 3804 suis
1110 3753 1172 3802 libris
1191 3749 1272 3814 legisse
1287 3765 1313 3800 ss
1329 3761 1401 3800 testa·

363 3835 438 3886 supra.
488 3829 500 3876 t
521 3821 584 3870 Olim
606 3821 652 3884 hic,
680 3823 869 3888 quemadmodum
899 3834 1006 3878 tanum
1023 3829 1045 3870 st
1063 3821 1160 3886 sigism.-
1183 3818 1242 3880 quod
1258 3823 1285 3866 st
1305 3832 1347 3865 nce
1364 3834 1403 3868 re·

364 3898 389 3936 et
408 3887 433 3936 in
453 3886 563 3950 epitome,
585 3886 702 3950 legebatur
716 3906 763 3938 una
783 3899 806 3938 st
827 3891 869 3936 tri·
940 3888 946 3900 ’
972 3903 998 3936 ur
1026 3887 1051 3934 in
1078 3884 1233 3948 antiquissimo
1266 3897 1281 3931 e
1309 3883 1402 3935 unu.

362 3955 435 4016 ginta.
467 3953 512 4002 Sed
529 3953 656 4018 Dionysius
670 3955 687 4004 i.
704 3967 751 4004 vrr.
767 3953 791 4002 in
805 3951 867 4017 judi·
930 3953 989 4002 eriso
1003 3952 1073 4016 igittu
1088 3951 1128 4002 ille
1145 3951 1209 3999 hunc
1226 3962 1349 3998 nummum
1363 3965 1404 3998 rs·

365 4016 401 4064 cio
424 4017 547 4080 Coriolani,
573 4021 632 4082 quod
654 4019 722 4084 paulo
741 4029 793 4082 post
818 4018 868 4068 luet
898 4019 983 4085 posuit.
1182 4035 1188 4064 t

364 4085 578 4144 temperationum
607 4096 653 4146 sm,
680 4099 749 4134 unsm
778 4096 804 4132 et
832 4084 868 4131 ri·
929 4079 1403 4146 emens...nnugaurqnua

365 4145 423 4204 giuti
438 4157 528 4198 uotum
546 4152 619 4200 tribus
636 4160 755 4200 memoret.
787 4149 820 4198 Bt
838 4165 868 4199 ex
897 4149 1003 4200 numo
1026 4145 1153 4209 emunt]
1191 4145 1254 4195 Fecit
1280 4157 1308 4193 ut
1328 4143 1403 4192 huni

364 4209 470 4258 Lirim
489 4212 589 4266 himerio
609 4216 676 4264 mriis
696 4215 761 4274 locis,
783 4229 868 4278 nempe
898 4229 929 4262 ne
946 4214 975 4262 ab
992 4215 1073 4278 legatie
1090 4209 1301 4277 quidemricleudis
1318 4225 1344 4258 ee
1360 4208 1401 4259 ab·

365 4285 403 4322 ut.
419 4277 442 4322 5.
460 4288 507 4324 vir.
525 4282 561 4329 15.
578 4293 636 4332 vtn.
657 4281 693 4331 17.
709 4281 793 4330 ΜΟ.
807 4294 833 4331 x.
845 4282 868 4330 9.
898 4279 1020 4329 stiumsnt.

365 4348 391 4388 et
413 4337 476 4402 Epis.
493 4340 511 4388 1.
529 4356 585 4394 xix.
602 4345 709 4398 discimus
727 4345 869 4411 quatuorde·
930 4341 953 4377 Ψ
968 4343 999 4393 In
1013 4342 1179 4408 ingentiglcrio
1187 4337 1240 4402 tus]
1258 4337 1340 4403 scripti
1351 4339 1403 4402 qui·

365 4403 412 4480 §⁵¹²¹
440 4403 532 4452 diversis
548 4414 698 4482 'temporibus
727 4413 800 4462 tribum
827 4412 867 4460 ut.
898 4411 950 4458 dam
971 4420 996 4458 et
1017 4407 1153 4476 campanus,
1173 4408 1278 4470 ignorant
1296 4405 1403 4472 preped-

364 4479 437 4531 lectt·
455 4483 524 4516 ΝΗ
547 4481 578 4520 tte
599 4487 634 4532 ut,
654 4480 674 4526 si
691 4492 753 4528 nunc
776 4475 868 4538 triginta
897 4475 992 4528 tionem-

365 4544 391 4582 et
420 4547 465 4582 uni
493 4534 578 4598 forent,
603 4554 681 4596 eamn
710 4543 866 4594 minumum
