3175 5200
449 377 580 440 max.
600 379 682 440 csr.
696 377 872 441 xxxvm.
1121 348 1183 451 sor
1206 389 1210 394 ’

40 579 42 618 q
137 549 198 614 tus,
212 545 374 600 sacratus¹²
400 536 507 598 luerat.
551 533 706 616 Ceterum,
721 535 779 598 boc
794 535 918 598 demum
940 551 1021 598 anno
1034 544 1070 598 ut
1082 533 1179 600 edem

40 669 42 706 ,
139 625 233 687 etiam
259 623 323 687 lieri
349 633 471 686 serratus
493 620 626 705 juberet,
649 622 696 685 bis
718 621 856 706 ejusdem
880 621 977 686 ”uoti
1001 621 1180 686 “damnata

40 757 41 796 3
139 710 330 859 requpppqp‘
345 715 373 750 ⁸⁸
381 709 412 772 in
427 707 605 791 religionem
620 709 713 772 venit.

40 857 41 864 ,
309 793 363 858 lll.
384 794 527 878 Sequitur
552 795 634 857 bunc
665 815 779 858 annum
805 807 838 859 et
863 796 968 859 consul
992 795 1118 880 insignis
1140 793 1331 875 huam,

139 881 277 967 Papirius
292 882 414 963 Cursor,
430 903 489 964 qua
503 891 631 966 paterna
648 883 756 965 gloria,
780 901 926 966 quasue,
945 894 978 945 et
994 883 1108 946 bellum
1128 882 1177 945 in·
1188 885 1331 964 &03930

139 991 216 1052 gens
236 971 431 1052 victoriaque,
460 979 605 1050 quantam
636 969 673 1030 de
707 967 896 1032 Samnitibus
920 990 1012 1033 nemo
1040 970 1081 1033 ad
1109 950 1351 1068 uagom

141 1057 235 1136 diem,
250 1068 357 1140 praeter
372 1053 407 1118 L.
421 1054 574 1138 Papirium
585 1068 704 1137 patrem
716 1055 858 1134 consulis,
873 1066 1047 1139 pepererat:
1072 1068 1104 1119 et
1116 1055 1178 1119 for·
1190 1033 1259 1135 ὦ,

38 1205 39 1212 ,
140 1153 172 1205 te
205 1143 313 1205 eodem
347 1155 460 1206 conatu
491 1141 698 1225 adparatuque
725 1141 809 1205 omni
836 1142 993 1226 opulentia
1014 1142 1179 1226 insignium

38 1227 39 1236 ’
140 1249 295 1292 armorum
316 1229 430 1292 bellum
452 1227 692 1292 adornaverant:
717 1241 749 1291 et
761 1227 897 1291 Deorum
917 1229 1010 1292 etiam
1031 1230 1179 1293 adbibue-

141 1327 211 1379 raut
230 1336 315 1400 opes,
341 1315 402 1379 ritu
426 1316 559 1396 quodam
584 1315 765 1400 sacramenti
793 1329 915 1379 venusto
942 1316 1025 1378 velut
1053 1316 1180 1380 initiatis

142 1401 300 1482 militibus,
315 1401 435 1465 delectu
454 1423 509 1486 per
528 1421 619 1465 omne
634 1399 791 1465 Samnium
807 1403 915 1465 habito
928 1421 1008 1465 nova
1024 1403 1112 1486 lege:
1134 1412 1182 1483 ut,

142 1489 193 1572 qui
205 1487 360 1570 juniorum
372 1509 434 1553 non
450 1487 640 1552 convenisset
654 1489 693 1551 ad
709 1488 936 1574 imperatorium
951 1488 1096 1569 edictum,
1111 1489 1182 1571 qui·

143 1595 202 1656 que
213 1574 328 1658 injussu
340 1576 463 1654 abisset,
473 1587 565 1658 caput
574 1573 645 1636 tovi
659 1587 812 1638 sacratum
827 1587 915 1638 esset.
939 1573 1021 1638 'l'um
1030 1576 1183 1638 exercitus
1318 1648 1323 1656 ⁸

142 1663 242 1724 omnis
251 1661 448 1744 Aquiloniam
462 1673 509 1723 est
519 1661 661 1724 indictus.
670 1662 710 1724 ad
722 1661 925 1744 quadraginta
933 1661 1029 1723 millia
1038 1660 1184 1740 militum,

143 1749 224 1828 quod
239 1749 355 1810 roboris
371 1749 402 1810 in
417 1747 544 1810 Samnio
568 1759 644 1825 erat,
667 1758 883 1808 convenerunt.
927 1745 974 1808 Ibi
993 1746 1102 1810 mediis
1117 1745 1182 1809 lere

140 1835 248 1897 castris
275 1834 358 1896 locus
380 1845 427 1896 eat
446 1843 609 1916 conseptus
632 1833 765 1895 cratibus
789 1831 1003 1915 ⁸⁶pluteisque,
1024 1845 1057 1896 et
1080 1832 1182 1896 linteis

36 1985 37 2006 q
141 1931 312 1998 contectus,
333 1933 441 2002 patens
461 1920 609 1982 ducentos
628 1919 761 1980 maxime
783 1919 877 2000 pedes
897 1918 928 1979 in
947 1939 1053 1979 omnes
1067 1918 1183 2001 pariter

36 2009 37 2022 ¹
139 2017 250 2088 partes.
298 2005 344 2067 lbi
360 2009 386 2051 ⁵⁷
396 2025 435 2066 ex
449 2005 527 2067 libro
540 2015 641 2066 vetere
656 2003 751 2066 linteo
762 2003 843 2066 lecto
854 1999 1068 2084 sacdficatum,
1078 2023 1181 2067 sacer·
1192 2029 1344 2082 sm„

141 2092 215 2153 dote
230 2091 309 2164 Ovio
325 2089 432 2152 Pactio
446 2089 588 2171 quodam,
604 2089 726 2152 bomine
740 2109 855 2172 magno
869 2099 955 2167 natu,
971 2089 1023 2172 qui
1036 2111 1070 2153 se
1084 2089 1117 2152 id
1131 2111 1181 2153 sa-
1191 2097 1316 2160 ιὲὶιιιαπ

143 2197 228 2240 crum
240 2189 341 2260 petere
352 2176 534 2239 adfirmabat
549 2197 588 2237 ex
602 2186 720 2238 vetusta
734 2173 919 2240 Samnitium
933 2175 1099 2259 religione;
1122 2197 1183 2259 qua
1192 2161 1351 2277 ἓξὲξ·

144 2263 300 2346 quondam
309 2263 355 2325 usi
368 2260 497 2345 majores
507 2282 610 2324 eorum
620 2261 755 2341 fuissent,
764 2278 858 2344 quum
868 2261 1036 2325 adimendo
1046 2262 1182 2326 Etruscis
1192 2293 1265 2343 ,m
1274 2305 1334 2356 qn·

143 2347 256 2434 Capuae
286 2349 507 2412 clandestinum
534 2348 685 2432 cepissent
712 2349 883 2412 consilium.
936 2347 1094 2413 Sacrificio
1111 2359 1313 2434 per-turta.

142 2437 236 2517 lecto,
266 2457 320 2522 per
348 2435 495 2498 viatorem
522 2435 690 2518 imperator
729 2435 824 2498 adciri
861 2433 991 2518 jubebat
1027 2435 1183 2500 nobilissi-

145 2544 230 2586 mum
265 2543 415 2606 quemque
443 2543 554 2605 genere
584 2521 742 2606 lactisque.
766 2522 878 2606 singuli
905 2522 1185 2588 introducebantur.

144 2608 221 2673 Erat
250 2632 342 2695 quum
372 2611 448 2672 alius
488 2609 652 2693 adparatus
686 2610 777 2689 sacri,
811 2610 863 2692 qui
902 2610 1085 2693 perfundere
1114 2611 1186 2675 reli·

145 2696 238 2779 giorm
253 2698 389 2760 animum
403 2709 507 2780 posset
515 2718 526 2774 3
550 2709 616 2758 tum
631 2696 662 2757 in
677 2694 746 2759 loco
761 2696 843 2757 circa
856 2696 941 2758 omni
962 2706 1106 2759 conoecto
1128 2716 1188 2759 aras

146 2784 179 2844 in
199 2784 313 2862 medio,
332 2784 522 2865 uictimaque
547 2781 629 2845 circa
651 2802 745 2859 casae,
769 2792 803 2845 et
825 2783 1057 2845 circumstantes
1078 2793 1188 2846 centu·

145 2869 246 2933 rionea
266 2870 379 2933 strictis
401 2869 521 2951 gladiis.
562 2866 791 2931 Admonebatur
806 2868 950 2929 altaribus
971 2867 1069 2947 miles,
1088 2870 1187 2951 magis

144 2966 181 3017 ut
202 2956 337 3032 victima,
368 2973 459 3034 quarn
485 2965 520 3015 ut
545 2954 624 3013 sacri
649 2952 824 3035 particepsr
846 2953 1084 3035 adigebaturque
1100 2953 1187 3035 jure·

142 3038 286 3122 jurando,
306 3060 372 3121 que
384 3040 451 3100 visa
464 3037 627 3119 auditaque
641 3036 674 3099 in
690 3059 727 3099 co
744 3036 812 3098 loco
826 3048 937 3116 essem,
956 3056 1020 3099 non
1041 3040 1188 3101 enuncia·

147 3138 260 3188 turum.
302 3124 383 3188 Dein
405 3122 517 3207 jurare·
538 3123 704 3205 cogebatur
733 3122 801 3185 diro
830 3123 962 3204 quodam
985 3124 1130 3205 carmine,
1154 3124 1189 3188 in

147 3210 387 3274 exsecrationem
409 3210 518 3294 capitis
541 3208 721 3291 familiaque
744 3219 776 3270 et
800 3209 904 3293 stirpis
924 3210 1108 3293 composito,
1128 3210 1188 3274 nisi

147 3298 221 3361 isset
236 3299 267 3359 in
283 3297 434 3381 proelium,
450 3316 511 3379 quo
526 3296 723 3378 imperatores
738 3295 915 3358 drocissentr
938 3308 972 3359 et
992 3297 1019 3358 si
1042 3307 1097 3360 aut
1121 3297 1188 3381 ipse‘

148 3406 188 3447 ex
220 3384 286 3447 acie
316 3384 453 3464 fugisset,
485 3394 549 3461 aut,
581 3382 607 3443 ai
640 3402 730 3464 quem
762 3380 930 3463 lugientem
960 3382 1098 3461 vidisset,
1122 3402 1187 3445 non

147 3470 303 3553 externplo
317 3469 488 3533 occidisset.
533 3467 569 3531 ld
593 3468 691 3551 prirno
714 3466 838 3567 quidam
856 3468 1023 3532 abnuentes
1032 3466 1188 3551 ‚muros

145 3578 191 3641 sa,
205 3557 378 3621 obtruncati
393 3556 476 3619 circa
490 3554 601 3619 altaria
615 3566 704 3619 sunta
723 3566 863 3638 jacientes
884 3553 995 3617 deinde
1014 3554 1094 3619 inter
1107 3566 1189 3620 stra·

211 3757 557 3824 ·jamtusoroo.crer.
750 3764 764 3792 ¹
779 3756 1124 3831 monumnenta.

176 3923 201 3959 Β
220 3922 270 3975 var
288 3926 404 4005 dnm]
431 3924 487 4017 thl
512 3926 650 3977 alarionem
682 3928 766 3993 qubus
781 3928 836 4010 quid
851 3932 994 3999 praespicua
1025 3928 1137 3985 iamt.

146 3988 493 4133 &3⁰32dess
520 4058 560 4109 sa
586 4070 651 4109 aa·
681 3994 742 4109 rad
755 3994 1189 4129 50⁸2&ssme

146 4118 538 4238 fflidffds‘dlliiiiif
552 4138 649 4252 titt
681 4127 810 4255 iiiiii
824 4126 1188 4246 lla-‘'tid“‘sst’ffl

158 4250 164 4263 ι
237 4226 238 4229 =
538 4220 547 4247 s
959 4211 969 4255 i

145 4250 650 4385 ‘ffi'lnrslgbusmitnrligiosx-
681 4256 931 4371 dammas:
1012 4258 1019 4273 ι
1049 4325 1056 4340 ’
1088 4261 1184 4315 m

144 4390 355 4521 wedam}
369 4444 445 4497 nes
473 4448 583 4499 meva
598 4388 650 4500 ad
679 4384 991 4506 dmin-indata&
1015 4404 1069 4443 ω
1094 4392 1190 4517 nm.

143 4518 182 4561 tes
196 4524 259 4561 curo
284 4514 355 4562 erade
380 4512 487 4578 mute,
506 4515 545 4568 rel
561 4516 647 4568 tatu·
722 4528 726 4541 ·
1042 4545 1044 4548 ·
