3175 5200
497 382 574 442 LIB.
588 379 869 444 metuunt.
1126 389 1185 444 649

147 541 190 606 ut
203 544 230 582 ⁸⁸
236 563 307 606 cum
323 541 630 624 Karthaginiensibus
644 543 753 606 eodem
776 561 858 604 suno
872 540 971 603 foedus
985 539 1079 604 tertio
1093 545 1183 602 renoss
1196 547 1229 598 U.
1240 548 1270 598 0.
1280 549 1351 600 ⁴⁴⁷.-

147 640 273 692 vatum:
297 630 464 711 legatisque
479 649 596 706 eorum,
610 629 663 710 qui
686 628 727 692 ed
749 629 781 690 id
795 638 953 706 venerant,
965 627 1096 689 comiter
1113 647 1183 688 mu·
1195 615 1226 664 Α·
1235 612 1265 664 ⁰·
1275 614 1334 664 ³⁰⁵·

29 721 31 758 ³
145 732 224 778 uera
238 717 338 778 missa.
493 756 499 766 -
1194 742 1339 804 ,mm

191 800 303 864 xulv.
324 803 515 868 Dictatorem
552 804 634 866 idem
664 823 760 865 annus
791 801 899 864 habuit
939 799 972 863 P.
1006 799 1182 862 Comelium
1196 807 1350 884 meonetius

147 883 336 970 Scipionem,
359 911 428 952 cum
454 891 601 972 magistro
623 891 758 972 equitum
779 887 814 950 P.
837 886 935 949 Decio
957 885 1118 948 Mnre.·ab
1134 886 1182 963 iis,
1193 873 1329 988 &aas

148 985 273 1056 propter
303 995 368 1056 qum
401 977 495 1038 creati
517 989 615 1053 erant,
636 976 763 1038 comitio
782 973 954 1036 consularia
975 973 1090 1049 habita,
1112 972 1184 1052 quia
1194 973 1267 1053 luc.
1278 972 1339 1053 304:

148 1071 257 1122 neuter
286 1063 443 1124 consulum
474 1074 617 1144 potuerat
648 1062 728 1124 bello
749 1061 863 1122 abesse.
921 1057 1022 1120 creati
1045 1057 1322 1144 consulentem-

147 1140 183 1205 la.
201 1143 381 1226 Postumius,
402 1146 452 1209 Ti.
475 1147 641 1210 Minucius.
685 1147 751 1210 Hos
774 1145 914 1208 consules
939 1143 1010 1206 Piso
1029 1143 1070 1215 Q.
1088 1131 1301 1210 Fabiomi'ifff'·

148 1242 182 1292 et
197 1229 229 1292 P.
243 1231 341 1295 Decio
355 1235 500 1315 subgerit,
514 1235 637 1296 biennio
652 1245 786 1312 exemto,
802 1252 863 1313 qno
879 1230 1040 1293 Claudium
1054 1227 1182 1292 Volum-
1195 1197 1304 1311 Qm

149 1317 303 1400 mumque,
317 1331 350 1381 et
369 1319 545 1382 Cornelium
560 1341 630 1382 cum
652 1317 773 1382 Marcio
788 1318 927 1381 consides
943 1317 1040 1380 laotos
1055 1315 1184 1378 tradidi-

149 1422 227 1464 mus.
245 1406 430 1467 memoriane
445 1406 558 1488 fugerit
570 1407 602 1467 in
617 1407 777 1468 annalibus
793 1403 975 1486 digerendis,
991 1401 1186 1464 an’consulto

150 1487 238 1550 binos
269 1492 417 1569 consules,
448 1492 541 1553 falsos
567 1503 660 1566 ratus,
697 1490 928 1569 transcenderit,
954 1490 1103 1551 incertum
1129 1497 1187 1549 est.

149 1571 268 1636 Eodem
284 1597 365 1638 anuo
379 1578 411 1638 in
427 1599 569 1660 campum
585 1576 743 1640 Stellatem
758 1577 823 1658 agri
839 1574 987 1658 Campani
1003 1573 1186 1635 Samnitium
1199 1579 1299 1628 emta

149 1659 336 1724 incursiones
372 1664 469 1726 lactu.
527 1663 634 1746 ltaque
659 1665 750 1725 ambo
781 1662 932 1738 consules,
961 1661 999 1721 'in
1028 1658 1212 1760 Samniume

150 1745 247 1824 missi,
262 1767 354 1828 quum
370 1748 501 1810 diversas
516 1750 665 1830 regiones,
687 1746 847 1810 'lifernum
869 1745 1050 1823 Postumius,
1074 1743 1187 1807 Bovia-

150 1849 224 1892 num
250 1831 415 1910 Minucius,
437 1834 604 1916 petissent5
634 1833 778 1896 Postumii
805 1834 888 1915 ptius
908 1831 1003 1893 ductu
1027 1831 1067 1892 ad
1085 1829 1187 1893 'lifer-

139 1936 225 1990 mum
239 1918 429 2001 pugnatum.‘
461 1919 523 1981 Alii
547 1920 631 1982 haud
653 1920 745 1981 dubie
766 1918 921 1980 Samnites
936 1918 1042 1995 victos,
1055 1919 1129 1978 “ac
1142 1918 1189 1978 vi·

149 2003 359 2082 ginetmitlitc
374 2005 532 2068 hominum
548 2021 640 2088 capta
653 2005 799 2066 tradunt:
823 2004 874 2065 alii
895 2002 997 2064 Marte
1017 2023 1104 2084 equo
1126 2003 1190 2064 dis·

151 2109 281 2170 cessum,
299 2102 331 2152 et
351 2090 552 2168 Postumium,
568 2102 683 2153 metum
698 2090 893 2152 simulantem
907 2099 1057 2150 nocturno
1072 2088 1190 2167 itinere,

150 2175 230 2235 elum
253 2176 285 2236 in
307 2187 427 2237 montes
448 2177 553 2258 copias
575 2177 758 2238 obduxisse:
783 2175 886 2236 hostes
908 2185 1029 2236 secutos
1043 2174 1105 2235 duo
1120 2175 1190 2235 mil·

152 2258 194 2320 lis
209 2259 280 2322 inde
292 2261 367 2322 locis
382 2263 506 2324 munitis
523 2273 555 2323 et
569 2262 650 2343 ipsos
666 2261 848 2324 consedisse.
891 2258 1018 2338 Consul,
1031 2271 1068 2321 ut
1081 2260 1193 2322 stativa

153 2349 415 2429 tutscopiosaque
434 2347 651 2426 (stituerunt)
669 2348 782 2429 petisse
801 2347 962 2424 videretur,
984 2357 1145 2428 postquam
1160 2357 1194 2407 et

152 2433 349 2494 munimentis
360 2446 462 2495 castra
481 2433 623 2510 firmavit,
643 2444 676 2494 et
690 2432 774 2495 omni
793 2433 941 2514 adparatu
956 2453 1057 2494 tetum
1072 2432 1192 2494 utilium

152 2516 296 2579 institutit
303 2541 314 2595 3
339 2519 444 2580 relicto
467 2519 555 2581 firmo
579 2519 729 2603 praesidio,
747 2519 790 2581 de
804 2519 910 2601 vigilia
923 2519 1026 2597 tertia,
1048 2537 1107 2603 qua
1121 2517 1192 2579 duci

153 2606 292 2687 proxime
318 2617 431 2688 potest,
453 2606 613 2688 expeditus
635 2607 770 2688 legiones
792 2607 833 2668 ad
853 2606 1015 2687 collegam,
1039 2618 1073 2667 et
1091 2606 1192 2688 ipsum

153 2690 295 2753 adversm
310 2692 387 2753 alios
400 2692 570 2770 sedentem,
597 2693 691 2755 ducit.
716 2692 779 2770 ubi,
806 2704 932 2754 auctore
946 2690 1113 2769 Postumio,
1127 2688 1192 2752 Mi·

152 2776 259 2838 nucius
274 2798 344 2839 cum
361 2778 497 2841 hostibus
512 2779 600 2860 signs
614 2778 746 2855 coniert3
764 2789 807 2856 et,
818 2795 912 2860 quum
926 2798 1038 2861 anceps
1052 2776 1193 2860 proelium
1205 2796 1321 2847 Samnites

152 2862 185 2923 in
206 2863 335 2926 multum
359 2864 419 2925 diei
440 2866 647 2948 processisset,
670 2876 736 2929 tum
756 2863 928 2928 Postumius
947 2863 1072 2948 integris
1095 2863 1192 2945 legio-
1204 2864 1339 2915 imment.

152 2948 241 3009 nibus
257 2950 407 3011 defessam
422 2950 489 3029 jain
512 2952 609 3013 aciem
634 2951 768 3014 hostium
789 2952 942 3033 inproviso
961 2951 1086 3013 invadit.
1129 2949 1193 3014 lta·

154 3052 225 3111 qne,
242 3054 335 3113 quum
353 3034 500 3097 lassitudo
519 3057 556 3097 ac
575 3036 698 3097 vulnera
713 3036 818 3117 fugam
833 3056 954 3117 qnoque
967 3038 1194 3120 praepedissent,

154 3118 314 3182 occidione
330 3120 423 3182 occisi
448 3121 563 3199 hostes,
586 3122 674 3202 signa
688 3140 783 3183 unum
797 3133 832 3183 et
844 3122 951 3203 viginti
966 3135 1078 3205 capta:
1102 3135 1193 3207 atque

155 3204 226 3265 inde
250 3205 291 3266 ad
312 3216 411 3267 castra
426 3204 580 3287 ,Postumii
596 3217 779 3288 perrectum.
823 3206 868 3269 lbi
884 3208 946 3269 duo
961 3208 1091 3270 victores
1105 3230 1194 3273 exer-

154 3290 235 3351 citus
250 3288 494 3373 perculsumjam
510 3291 594 3355 latua
609 3293 729 3354 hostem
746 3292 845 3355 adorti
860 3292 992 3357 fundunt
1007 3294 1193 3377 fugantque:

154 3376 243 3455 signa
258 3376 400 3439 militaria
414 3398 470 3439 sex
483 3389 516 3440 et
530 3378 637 3460 viginti
652 3389 753 3460 capta,
772 3389 805 3439 et
824 3379 990 3461 imperator
1009 3378 1194 3447 Samnitium

155 3458 273 3523 Stntius
294 3461 421 3541 Gellius,
452 3463 599 3546 multique
632 3464 683 3525 alii
717 3464 872 3543 mortales,
893 3476 926 3527 et
947 3478 1048 3528 castra
1067 3479 1195 3549 utraque

155 3558 264 3629 capta:
289 3552 322 3610 et
345 3550 370 3589 ⁸⁵
380 3546 561 3628 Bovianum,
577 3550 628 3611 ubi
644 3562 768 3633 postero
792 3550 843 3613 die
863 3563 999 3633 coeptum
1011 3554 1194 3637 obpugnari,

568 3722 582 3757 ¹²
597 3716 647 3765 edd.
659 3717 710 3765 inde
720 3718 794 3767 Gron.

186 3844 208 3879 Β
226 3842 283 3892 com
300 3844 560 3910 Carthaginiensibus...
570 3844 658 3909 ..sudus
721 3846 743 3881 Μ
760 3848 793 3893 dc
812 3847 893 3910 uiginti
912 3846 984 3894 taillia
998 3844 1119 3909 keminata]
1134 3844 1194 3893 vul.

154 3911 219 3957 aria
235 3911 374 3973 motatum]
393 3910 449 3957 Tris
467 3911 553 3958 ioedera
572 3909 657 3959 llome-
689 3912 736 3973 geti
757 3912 843 3959 eddnnt
862 3912 914 3958 inde
934 3921 988 3959 ente
1008 3911 1134 3958 lomimm
1152 3911 1195 3958 sed

153 3988 235 4021 norum
268 3988 321 4021 cum
355 3974 577 4036 Canhaginieusiltue
604 3988 658 4024 ente
689 3976 1003 4038 couttstetiptotnmfidem·

154 4038 241 4087 Punice
262 4038 320 4086 belle
343 4053 453 4088 memoret
476 4040 556 4104 Polyb.
577 4040 595 4089 l.
618 4053 657 4089 nt.
721 4041 743 4075 ⁸⁵
765 4038 897 4101 Resinam
923 4038 961 4087 nbi
979 4048 1064 4101 postero
1082 4038 1119 4086 die
1136 4054 1195 4099 αφ.

154 4102 257 4151 Ptitnum
275 4104 347 4151 refert
367 4106 396 4153 ed
412 4106 511 4169 primum
526 4107 659 4153 constitut:
690 4104 749 4167 tuat]
769 4104 841 4153 Vacet
848 4102 1117 4167 omninoprticuleabt'.
1149 4104 1195 4152 o'ed

154 4168 179 4215 'tu
197 4169 253 4218 urbe
272 4168 345 4215 Rome
364 4168 475 4219 libertatis
491 4185 584 4219 annum.
614 4170 658 4217 Se·
690 4181 715 4219 et
737 4182 784 4218 tres
810 4184 825 4217 e
850 4170 915 4217 libris
934 4167 1196 4240 nmtb,aothuinimi,

155 4233 256 4281 eundum
282 4248 329 4295 quo
355 4247 460 4299 tempore
484 4236 557 4283 ictum
577 4235 659 4293 fuerit,
691 4236 883 4297 quemadmodum
903 4234 1008 4281 nonnulli
1030 4248 1044 4281 e
1066 4234 1194 4282 Gmnovie·

154 4298 287 4348 noadoeet.
320 4298 428 4348 'leuium
441 4300 521 4365 Pynlii
538 4299 659 4348 bellotae·
690 4302 735 4360 nis,
751 4300 835 4347 habent
856 4308 933 4360 septa
966 4299 1024 4347 lude
1038 4297 1194 4359 empioemntt

155 4371 207 4411 tum
217 4361 287 4411 inisse
295 4364 378 4412 ettibit.
403 4366 480 4413 Livius
491 4366 559 4413 unius
568 4376 658 4413 tantum
690 4363 819 4413 muniu-
838 4364 991 4425 arie=poetero
1009 4364 1047 4411 die
1068 4370 1136 4424 septa
1156 4378 1194 4424 op·

154 4427 270 4475 antehoc
290 4438 381 4493 tenpus
400 4430 494 4481 soedetis
515 4430 658 4490 meminit..
690 4430 796 4493 pugensis.
839 4426 908 4477 Gnod
941 4426 1068 4478 clarmu-
1099 4427 1196 4475 mimus

154 4502 201 4541 tu.
212 4506 233 4541 e.
244 4492 283 4541 27.
680 4494 831 4556 ,Bovium
850 4496 910 4558 quot
923 4510 990 4559 ειμι
1007 4510 1030 4545 e.
1046 4494 1087 4545 ³1.
1102 4502 1194 4558 uptun

1198 1643 1321 1699 simulem
1419 1659 1424 1671 ·
