3175 5200
402 301 462 356 ⁵18
824 297 909 356 'rm
926 297 1031 358 nvn

232 457 371 512 matun
400 450 599 532 imperatoriis
626 451 786 514 virtutibus
815 451 974 514 ducimus?
1009 449 1051 531 'ld
1078 456 1150 514 vero
1173 449 1350 533 periodum
1380 459 1475 526 erat,

232 519 371 580 mm·
399 536 481 617 quod
505 536 649 598 levissimi
678 557 718 598 ex
743 535 867 612 Graecis,
899 537 951 617 qui
977 535 1157 600 Parthorum
1186 557 1316 618 qumque
1344 545 1475 598 contra

398 642 509 686 nomen
525 619 701 684 Romamn
722 623 825 703 gloriae
847 621 960 700 favent,
986 623 1126 686 dictitare
1140 624 1254 700 solent,
1281 643 1324 684 ne
1339 619 1470 702 maju-
1554 702 1555 705 Ἴ

336 763 342 771 .
398 719 494 770 tatem
508 707 640 769 nominis
654 708 821 770 Alexandri
849 707 953 789 (quem
975 729 1015 770 ne
1029 709 1111 772 loma
1125 709 1252 790 quidem
1267 708 1329 770 illis
1344 718 1478 776 nouem,

400 794 529 856 arbitror
544 791 649 874 fuisse)
668 795 816 854 sustinere
832 814 894 856 non
916 795 1051 875 potuerit
1064 796 1194 876 populus
1211 793 1391 870 Romanus,
1419 805 1469 869 et,

317 943 321 950 ,
398 880 540 965 adversus
567 899 657 961 quem
678 878 820 956 Athenis,
845 880 878 941 in
902 881 1025 942 civitate
1049 880 1146 959 fracta
1160 879 1380 942 Macedonum
1410 899 1467 940 ar-
1554 878 1555 913 ³

399 966 469 1042 mis,
493 979 636 1029 cernente
662 977 728 1027 tum
751 967 884 1028 maxime
908 986 1004 1049 prope
1019 965 1172 1028 fumantes
1186 965 1370 1028 Thebarum
1393 964 1466 1026 rui·

399 1071 466 1128 nas,
482 1052 655 1114 concionari
670 1051 763 1113 libere
783 1053 847 1112 ausi
862 1051 923 1113 sint
944 1053 1094 1130 hominen,
1123 1052 1170 1129 (id
1185 1052 1269 1132 quod
1284 1071 1326 1112 ex
1342 1071 1466 1112 monu-

399 1137 511 1198 mentis
525 1137 699 1199 orationum
723 1138 819 1220 patet)
848 1138 991 1200 adversus
1013 1159 1083 1199 eum
1105 1157 1198 1199 nemo
1214 1157 1255 1198 ex
1278 1149 1329 1199 tot
1343 1157 1466 1217 proce-

400 1221 482 1284 ribus
505 1219 651 1284 Romauia
676 1245 782 1284 vocem
807 1225 932 1285 liberam
958 1224 1103 1286 missurus
1128 1224 1233 1285 hierit.
1287 1221 1464 1292 Quantali-

399 1307 453 1369 bet
467 1309 647 1390 magnitudo
667 1309 801 1370 hominis
825 1309 1016 1390 concipiatur
1037 1310 1152 1386 ausimo,
1173 1309 1263 1370 unius
1286 1320 1396 1372 tanuen
1419 1329 1464 1368 ea

398 1395 579 1476 magnitudo
595 1395 727 1458 hominis
750 1395 818 1473 erit,
842 1396 982 1456 conlecta
1002 1395 1107 1476 paullo
1132 1395 1200 1476 plus
1222 1395 1332 1457 decem
1354 1413 1464 1454 anno·

397 1499 463 1540 rum
480 1479 647 1542 felicitate:
673 1501 765 1561 quam
781 1482 832 1560 qui
847 1503 885 1542 eo
900 1481 1063 1558 extollunt,
1087 1480 1170 1560 quod
1184 1481 1316 1562 populus
1333 1478 1461 1549 Roma·

194 1626 200 1640 ,
228 1574 339 1648 Furem
395 1583 462 1642 nus,
478 1567 534 1626 etsi
551 1567 636 1628 nullo
652 1567 743 1644 bello,
759 1567 863 1627 multis
878 1577 982 1628 tamen
997 1567 1113 1649 proeliis
1132 1566 1231 1628 victus
1245 1567 1297 1643 sit,
1309 1565 1459 1628 Alexan-

227 1639 355 1753 πῖ
396 1649 452 1712 dro
466 1651 576 1713 nullius
599 1673 709 1733 pugnae
731 1673 792 1712 non
816 1652 953 1713 secunda
973 1651 1098 1715 fortuna
1113 1651 1226 1728 fuerit3
1253 1671 1314 1713 non
1329 1651 1461 1712 intelli·

222 1767 321 1819 qm„
330 1719 383 1820 (ἕω
395 1747 481 1816 grmt,
496 1759 529 1798 se
545 1737 677 1798 hominis
692 1758 740 1798 res
754 1749 868 1818 gestas,
894 1749 928 1798 et
941 1735 1006 1816 ejus
1017 1737 1152 1818 juvenis,
1174 1758 1241 1798 cum
1253 1737 1356 1817 populi
1373 1735 1456 1816 jam

225 1829 295 1884 mm.
396 1823 422 1861 ⁶⁸
433 1821 721 1904 octingentesimum
747 1822 889 1883 bellantis
913 1843 1029 1884 annum
1052 1824 1143 1884 rebus
1158 1821 1300 1884 conferre.
1341 1819 1453 1884 Mire·

395 1927 474 1984 mur,
488 1908 525 1984 si,
541 1929 634 1988 quum
650 1929 690 1968 ex
704 1908 762 1969 hac
779 1919 865 1989 parte
880 1911 907 1953 ⁶⁷
916 1908 1020 1970 secula
1031 1909 1120 1989 plura
1134 1919 1340 1981 numereuuu,
1349 1927 1458 1986 quam

395 2014 435 2054 ex
450 1993 503 2054 illa
517 1995 600 2073 anni,
614 1993 682 2076 plus
698 1993 730 2054 in
745 2005 809 2054 tam
826 1994 919 2075 longo
940 1994 1053 2076 spatio,
1075 2015 1168 2074 quam
1184 1996 1216 2056 iu
1230 2003 1321 2054 etate
1342 1991 1457 2054 trede-

394 2079 455 2140 cim
486 2099 645 2157 annorum,
671 2080 795 2140 fortuna
824 2079 1006 2140 variaverit?
1021 2079 1119 2153 ,Quin
1149 2092 1185 2141 tu
1213 2077 1350 2140 hominis
1379 2097 1459 2138 cum

392 2163 530 2241 homine,
554 2177 587 2225 et
601 2165 687 2226 ducis
702 2186 773 2226 cum
790 2165 877 2242 duce,
899 2164 1055 2226 fortunam
1070 2186 1140 2228 cum
1159 2163 1454 2227 formns'coniers?

393 2247 478 2318 Quot
503 2248 658 2338 Romanos
685 2251 777 2312 duces
801 2250 969 2326 nominem,
990 2252 1101 2332 quibus
1126 2270 1298 2330 numquam
1324 2249 1461 2312 adversa

393 2334 517 2396 fortuna
545 2357 656 2420 pugna
685 2335 767 2397 fuit?
801 2332 931 2418 Paginas
957 2337 990 2397 in
1024 2337 1182 2398 urnalibus
1209 2336 1457 2417 magistratuum

390 2418 538 2502 fastisque
552 2441 727 2503 percurrere
743 2423 827 2500 licet,
842 2423 1014 2501 consulum,
1035 2423 1297 2502 dictatorumque,
1322 2441 1461 2502 quorum

390 2523 449 2566 nec
464 2505 595 2584 virtutis,
621 2527 678 2570 nec
702 2506 832 2570 fortuna
855 2507 918 2568 ullo
947 2508 996 2571 die
1019 2509 1166 2592 populum
1181 2506 1367 2570 Romanum
1389 2527 1461 2590 pn*

389 2586 489 2653 nituit.
548 2587 604 2677 Et,
640 2614 702 2675 quo
732 2593 795 2655 sint
821 2591 1035 2673 mirabiliores,
1065 2616 1157 2676 quam
1187 2593 1373 2656 Alexander
1404 2604 1463 2655 aut

390 2674 549 2754 quisquam
574 2698 638 2753 rex,
663 2676 758 2739 denos
784 2680 969 2761 vicenosque
999 2681 1064 2743 dies
1090 2682 1216 2763 quidam
1247 2680 1462 2757 dictaturam,

387 2780 479 2821 nemo
494 2760 561 2841 plus
577 2782 671 2842 quam
687 2782 804 2825 armum
819 2768 1015 2829 consulatum
1036 2768 1151 2848 gessit:
1179 2768 1217 2829 ab
1232 2764 1373 2827 tribunis
1388 2766 1467 2847 ple·

387 2843 434 2905 bis
446 2844 583 2933 delectus
598 2846 728 2929 inpediti
744 2862 836 2911 sunt:
861 2864 933 2933 post
948 2863 1069 2933 tempus
1083 2854 1125 2915 ud
1139 2853 1219 2915 bellu
1232 2852 1365 2927 ierunt:
1384 2864 1466 2913 arete

387 2940 509 3011 tempus
524 2933 721 2995 comitiorum
737 2948 848 2997 caussa
861 2940 995 3000 revocati
1010 2949 1100 3000 smrt:
1127 2940 1159 3001 iu
1181 2940 1256 3019 ipso.
1266 2948 1394 2998 conatu
1410 2958 1462 2999 re·

385 3034 454 3075 rum
470 3014 652 3099 circumegit
666 3040 698 3081 ae
715 3040 834 3083 mnus:
852 3023 980 3104 collega
995 3045 1076 3085 nunc
1092 3026 1265 3100 temeritas,
1279 3044 1370 3085 nuno
1385 3044 1464 3105 pra·

385 3099 475 3197 vitas,
501 3098 715 3187 inpedimento
731 3113 785 3168 aut
810 3108 924 3171 damno
939 3110 1018 3172 nit:
1040 3111 1122 3175 male
1143 3110 1241 3191 gestis
1264 3110 1362 3171 rebus
1377 3110 1463 3171 alte·

384 3204 446 3245 nus
461 3205 636 3250 successum
659 3202 727 3251 est:
753 3188 888 3255 tironem
911 3207 965 3257 aut
989 3196 1072 3257 mala
1093 3196 1260 3277 disciplina
1275 3195 1463 3258 institutum

382 3270 555 3365 exercitum
565 3285 763 3360 acceperunt.
807 3277 862 3356 At,
886 3276 1034 3359 Hercule,
1062 3302 1150 3362 reges
1164 3302 1231 3343 non
1246 3280 1338 3343 liberi
1354 3283 1462 3346 solum

382 3353 601 3433 inpedimentis
632 3362 788 3439 omnibus,
828 3362 884 3424 sed
914 3365 1031 3427 domini
1067 3387 1168 3429 rorum
1200 3380 1462 3448 temporumque,

381 3437 507 3501 traham
535 3443 673 3505 consiliis
703 3457 831 3524 cuncta,
862 3468 925 3509 non
954 3465 1135 3532 sequuntur.
1203 3450 1350 3514 Invictus
1380 3472 1460 3534 ergo

378 3519 554 3591 Alexander
584 3546 657 3587 cum
682 3530 808 3590 invictis
836 3533 965 3596 ducibus
992 3537 1072 3599 bella
1094 3539 1253 3619 gaeum,
1280 3550 1316 3600 et
1341 3539 1459 3601 eadem

378 3603 507 3667 fortunae
533 3609 666 3689 pignora
696 3613 729 3673 in
761 3615 929 3680 discrimen
961 3622 1131 3685 detulisset.
1158 3624 1258 3685 immo
1286 3625 1391 3685 ctiam
1418 3645 1461 3687 eo

375 3686 444 3767 plus
460 3692 592 3788 'periculi
616 3694 760 3775 subisset,
788 3704 874 3779 quod
896 3702 1090 3769 Macedones
1113 3730 1212 3771 unum
1234 3710 1463 3773 Alexandrum

375 3770 563 3855 habuissem,
589 3780 698 3842 multis
725 3785 850 3847 casibus
875 3809 939 3851 non
955 3791 1057 3854 solum
1071 3795 1257 3873 obnoxium,
1283 3796 1341 3857 aed
1356 3797 1463 3861 etiam

384 3920 427 3999 ⁸⁰¹
442 3926 662 3997 Ouiagentdmasr]
710 3934 830 3987 nument
853 3942 894 3989 Li·
930 3947 1104 3999 inuentus.
1123 3951 1190 4000 sauir
1206 3952 1254 3999 duo
1271 3960 1296 4001 et
1315 3952 1407 4013 viginti
1423 3968 1465 4002 ee·

369 3998 422 4095 ξιτ
437 3992 464 4036 *ἆ
481 4008 544 4041 mn
566 4010 644 4073 usque
660 4010 766 4050 marem.
798 4005 894 4054 aenne.
929 4012 984 4059 cula
1003 4028 1168 4065 numeremur.
1201 4016 1256 4065 Nee
1277 4015 1349 4064 aliter
1371 4016 1464 4066 dixerit

367 4064 496 4163 ώῠῑῗιι
513 4058 566 4125 brec
582 4074 645 4109 circe
656 4078 747 4114 ennom
764 4082 789 4113 ιι.
802 4083 824 4115 c.
840 4070 895 4133 plue
929 4089 985 4123 vere
1003 4078 1084 4127 Livius
1102 4080 1169 4143 plura
1183 4082 1263 4129 mou
1279 4097 1310 4131 ex
1325 4096 1371 4129 uua
1387 4094 1463 4143 parte

420 4128 447 4161 ²¹⁸
471 4120 511 4165 ³⁵·
573 4172 576 4181 ,
926 4142 1056 4199 numerari,
1077 4154 1146 4205 quam
1166 4146 1288 4194 exaltem
1305 4160 1389 4194 mooe.
1422 4146 1465 4197 Et
