3175 5200
1002 197 1010 226 l

352 298 412 367 206
545 342 546 347 κ
753 290 958 361 rutuvu

186 472 325 525 uasta.
355 454 521 521 creandum
544 453 640 519 curat.
675 448 773 515 Porta⁴
788 448 911 516 Collina
922 442 1203 516 nrben'intrsvcre
1212 449 1273 515 ‘tub
1293 449 1402 533 sigan,

187 541 325 592 ΜΝ·
356 543 517 626 mediaque
538 542 610 605 urba
642 538 764 620 agmine
800 539 833 599 in
852 537 1037 603 Aventinum
1061 550 1201 621 pergunt.
1237 538 1291 617 ibi,
1323 559 1402 603 con-

352 627 453 713 juncti
477 628 564 693 alteri
586 626 742 704 exercitui,
763 624 873 707 viginti
909 623 1036 689 tribunis
1065 626 1198 689 militurn
1237 624 1399 706 negotium

357 717 516 795 dederunt,
538 725 572 777 ut
592 734 631 775 ex
645 734 700 777 suo
715 730 842 777 numero
864 712 941 778 duos
956 724 1103 790 crearent,
1126 713 1178 795 qui
1199 732 1324 778 suntme
1349 735 1400 777 re-

356 824 422 868 rum
439 811 612 885 praeessent.
657 797 705 863 M.
720 798 866 883 Oppium,
889 796 961 864 Sex.
988 798 1153 863 Manilium
1178 812 1294 867 creant.
1339 798 1400 873 Pa·

357 901 427 967 trss,
442 888 565 951 solliciti
581 887 621 950 de
638 906 757 951 summa
770 906 880 965 rerunt,
904 906 997 967 quum
1015 899 1139 951 senatus
1153 887 1291 970 quotidie
1306 896 1400 966 esset,

352 973 461 1057 jurgiis
484 975 591 1056 saepius
618 985 721 1037 terunt
741 986 872 1056 tempus,
896 993 987 1055 quarn
1003 974 1149 1037 consiliis.
1193 971 1285 1037 Siccii
1301 974 1399 1037 cades

355 1062 544 1140 decemviris,
560 1072 592 1124 et
605 1060 760 1145 Appiana·
772 1060 878 1138 libido,
901 1071 936 1123 ct
961 1060 1111 1125 dedecora
1132 1060 1250 1126 militia
1271 1058 1399 1143 objicia-

354 1149 477 1213 bantur.
521 1146 677 1226 Placebat,
698 1144 854 1209 Valerium
868 1144 1092 1229 Horatiumque
1106 1148 1149 1211 ire
1160 1148 1193 1209 in
1202 1147 1399 1211 Aventinum.

355 1236 399 1299 illi
421 1235 577 1317 negabant
596 1256 629 1297 se
645 1234 732 1299 aliter
756 1234 864 1314 ituros,
884 1253 976 1314 quam
991 1233 1016 1295 si
1032 1234 1196 1299 decemviri
1212 1234 1400 1318 deponerent

355 1322 487 1405 insignia
502 1322 698 1404 magistratus
721 1319 796 1404 ejus,
813 1342 873 1403 quo
893 1341 975 1383 anno
992 1318 1057 1406 jam
1073 1332 1145 1387 ante
1163 1321 1309 1385 abioecnt.
1333 1320 1399 1385 De·

357 1409 491 1489 cemviri,
514 1420 674 1490 querentes
696 1411 724 1449 ²⁹
739 1430 771 1471 se
790 1408 826 1471 in
849 1408 988 1474 ordinem
1019 1408 1101 1489 cogi,
1123 1428 1184 1471 non
1207 1419 1291 1486 ante,
1305 1428 1398 1490 quarn

354 1496 480 1578 perlatis
496 1495 623 1577 legibus,
647 1510 775 1576 quarum
799 1515 907 1559 caussa
928 1496 1024 1559 creati
1059 1507 1173 1575 went,
1206 1495 1398 1579 deposituros

358 1582 519 1665 imperium
542 1602 574 1647 ss
597 1582 745 1649 aiebant.¹
944 1593 948 1599 ’
1212 1597 1219 1615 “

400 1666 468 1731 Lll.
490 1667 548 1733 Per
570 1667 617 1733 Μ.
631 1664 779 1748 Duilium,
805 1668 857 1751 qni
883 1669 1021 1733 tribunus
1041 1667 1140 1751 plebis
1153 1667 1261 1748 derat,
1283 1670 1398 1731 certior

356 1755 440 1821 facta
461 1756 559 1840 plebs,
581 1756 830 1835 contentionibus
855 1756 981 1821 assiduis
1012 1755 1089 1819 nihil
1110 1755 1245 1837 transigi,
1279 1756 1310 1817 in
1336 1753 1399 1817 Sa·

351 1864 442 1905 crum
463 1854 600 1909 montem
614 1864 654 1909 ex
668 1843 822 1907 Aventino
833 1843 943 1906 transit
955 1866 966 1923 3
989 1843 1168 1907 adfirmante
1179 1840 1293 1918 Duilio,
1308 1843 1319 1879 ‘
1332 1862 1419 1905 non.

357 1930 369 1967 ‘
382 1931 475 2014 prius,
486 1950 578 2012 quarn
593 1930 690 1995 deseri
704 1930 811 1993 urbem
825 1930 959 2008 videant,
974 1951 1079 1996 curans
1092 1930 1124 1995 in
1140 1930 1256 1993 animm
1271 1927 1398 1991 Patrurn

357 2018 605 2085 ‘descensuram
644 2018 870 2082 admoniturum
899 2015 1027 2082 Sacrum
1054 2027 1192 2081 montem
1219 2016 1402 2079 constantin

357 2105 490 2189 ‘plebis
506 2108 533 2145 ³⁰
549 2105 689 2184 scituros,
710 2105 792 2187 quod
816 2105 882 2171 sine
906 2105 1048 2169 restitute
1068 2115 1224 2188 potestate
1244 2101 1341 2185 redigi
1366 2103 1400 2165 in

356 2192 367 2226 ‘
381 2192 577 2257 concordiam
589 2212 636 2255 res
646 2189 820 2275 nequeant?
835 2194 861 2233 ⁸¹
874 2188 935 2253 Via
942 2190 1150 2268 Nomentana,
1165 2190 1214 2253 cai
1229 2202 1295 2255 tum
1310 2188 1401 2251 Ficu-

356 2280 431 2343 lensi
452 2290 465 2321 ⁰
477 2300 589 2346 nornen
605 2274 674 2358 fuit,
693 2278 835 2363 proiecti,
851 2290 953 2343 castra
966 2279 998 2341 in
1012 2289 1118 2342 monte
1129 2275 1226 2341 Sacro
1239 2275 1401 2355 locavere3

354 2367 539 2431 modestiam
559 2378 682 2449 patrum
707 2362 830 2429 suorum
853 2364 929 2429 nihil
954 2365 1098 2428 violando
1127 2364 1252 2428 imitati.
1272 2361 1403 2426 ‘Secuta

354 2452 522 2515 exercitum
533 2452 631 2536 plebs,
646 2452 740 2531 nullo,
755 2452 807 2533 qui
821 2470 877 2535 per
883 2463 1007 2518 ntatm
1019 2452 1063 2514 ira
1074 2463 1190 2535 posset,
1202 2454 1402 2515 retractante.

355 2536 580 2621 Prosequuntur
594 2537 740 2622 conjuges
753 2538 912 2620 liberique,
927 2537 937 2571 ‘
952 2540 1075 2602 cuinam
1097 2559 1130 2602 se
1152 2538 1356 2622 relinquerent
1368 2538 1402 2599 in

356 2627 366 2658 ‘
382 2647 420 2690 ea
429 2627 514 2704 urbe,
527 2627 558 2692 iu
576 2647 637 2707 qua
652 2639 707 2688 nec
719 2626 880 2709 pudicitia,
893 2647 951 2690 uec
963 2627 1087 2690 libertas
1102 2637 1212 2688 sancta
1225 2624 1326 2705 esset'
1341 2625 1403 2688 mi·

354 2712 523 2776 serabilitcr
533 2713 711 2798 rogitantes.
726 2711 829 2782 Quum
842 2725 930 2778 vasta
939 2711 1044 2776 Rome
1052 2713 1157 2777 omnia
1165 2714 1286 2776 insueta
1294 2712 1403 2775 solitu·

355 2799 396 2862 do
423 2799 555 2876 fecisset,
586 2799 618 2863 in
644 2798 710 2862 foro
738 2813 846 2882 praeter
865 2821 980 2882 paucos
1003 2801 1156 2864 senionnn
1180 2819 1272 2862 nemo
1296 2811 1400 2878 eeset3

354 2885 470 2948 vocatis
495 2886 599 2969 utiquc
626 2885 658 2952 in
681 2897 824 2952 sanatum
849 2885 999 2966 Patribus,
1029 2888 1181 2950 desertum
1211 2887 1404 2970 adparuisaet

355 2971 468 3051 forumr
487 2973 587 3056 plures
595 2971 773 3056 janquam
783 2971 931 3036 Horatius
943 2973 1135 3053 etvalerius,
1146 2974 1401 3052 vociferabannrr,

308 3084 312 3094 ·
354 3061 365 3092 ‘
381 3059 463 3131 Quid
476 3060 707 3145 exspectabitis,
722 3059 829 3124 Patres
848 3061 1039 3144 conscripti?
1076 3059 1111 3124 Si
1125 3061 1288 3124 decemviri
1309 3060 1404 3124 finem

354 3146 555 3230 ‘pertinacia
574 3167 638 3210 raon
670 3147 797 3226 faciunt,
819 3169 905 3212 mere
928 3170 964 3212 ac
980 3148 1147 3231 deflagrare
1162 3149 1269 3210 amnia
1284 3147 1403 3231 passuri

354 3233 475 3297 ‘estisl
504 3234 595 3306 Quod
616 3246 719 3328 autem
743 3235 826 3299 istud
848 3235 1008 3318 imperium
1024 3248 1082 3314 est,
1109 3235 1273 3298 decemviri
1282 3236 1297 3313 3'
1320 3233 1402 3318 quod

355 3319 366 3354 ‘
381 3321 513 3404 amplexi
526 3322 636 3387 tenetis
650 3322 660 3386 l
676 3321 783 3386 Tectis
795 3344 832 3384 ac
841 3323 1007 3406 parietibus
1015 3319 1086 3404 jura
1095 3323 1205 3385 dicturi
1216 3323 1289 3384 estis
1303 3321 1314 3384 i
1329 3319 1404 3384 Non

354 3405 366 3438 ‘
380 3407 485 3490 pudet,
500 3408 643 3474 lictorum
655 3419 824 3474 vestrorum
839 3409 989 3492 majorem
1004 3431 1101 3492 prope
1114 3429 1275 3472 numerum
1287 3409 1318 3469 in
1333 3408 1403 3470 foro

354 3491 366 3523 ‘
381 3494 528 3575 conspici,
544 3514 636 3577 quam
648 3497 675 3534 ³²
691 3506 869 3578 togatorum
884 3496 1124 3578 aliommquerl
1152 3495 1245 3574 Quid,
1257 3496 1284 3557 sl
1295 3495 1402 3556 hostes

353 3577 364 3612 ‘
379 3579 530 3646 adurbeut
538 3579 672 3660 veniant,
685 3581 797 3650 lecturi
808 3583 996 3665 catislquid,
1009 3582 1127 3666 siplebs
1136 3603 1221 3660 mox,
1232 3581 1284 3646 ubi
1292 3601 1403 3665 pamm

418 3735 568 3786 0iictrlnernt'
577 3735 728 3789 Grau-Cret.
755 3709 759 3718 ι
806 3739 1006 3803 modelena
1020 3737 1172 3805 Docr.llnp.
1188 3736 1338 3791 restria.

242 3897 245 3902 ·
360 3889 363 3896 ·
384 3869 407 3906 ὓ
423 3867 591 3918 &inordinati
605 3867 663 3934 cogi]
684 3868 742 3920 vid.
759 3872 861 3919 ποιῇ.
895 3869 1012 3930 Rhearni,
1034 3879 1059 3919 et
1080 3871 1202 3931 Gronorii,
1223 3883 1247 3920 et
1264 3870 1367 3936 plen'que
1391 3888 1411 3922 e

351 3934 460 3984 adasa
471 3931 609 3998 hniuslibri.
895 3939 980 3985 nutris
998 3935 1098 3987 habeant
1118 3939 1257 3998 aiumput,
1280 3937 1405 3986 ridendum

384 3999 408 4036 ⁸⁰
423 3999 520 4054 &nom
540 3997 607 4064 quod]
627 3998 695 4048 Hanc
714 3997 808 4062 quidem
830 3998 865 4048 lo·
896 4002 1020 4049 redebeat
1032 4000 1406 4066 nutricequelllreneainempe

354 4066 438 4125 queudi
455 4066 551 4116 formem
569 4074 676 4128 tuentur,
702 4077 727 4114 et
749 4063 865 4114 immerito
897 4077 922 4116 et
932 4067 1171 4124 amanuensis
1181 4067 1404 4128 aptatamqusm.

249 4143 254 4162 ·
352 4127 465 4191 plerisque
493 4141 620 4194 ampactnn
647 4145 697 4182 caat
719 4131 863 4182 contendunt
927 4131 948 4166 ³¹
970 4131 1010 4179 Via
1019 4130 1167 4198 Nenenene]
1179 4131 1269 4181 Vallis
1280 4132 1408 4192 Ficulensi,

354 4193 476 4242 doctissimi
507 4195 664 4254 Grammatici
692 4208 771 4246 auctor
797 4212 864 4244 nora
894 4196 942 4245 sira
958 4197 1101 4257 Fnuloaaos,
1119 4199 1245 4261 cademque
1258 4197 1407 4250 Nomentum

354 4257 557 4320 Methodil'rnssuss
568 4262 623 4312 Lat.
642 4271 669 4314 ct
687 4261 821 4312 Perizonius
837 4262 863 4313 in
895 4262 1003 4311 ducein.
1032 4253 1233 4330 ladeilliduplea
1242 4263 1372 4330 appellatio.

353 4323 415 4372 notu
431 4323 593 4374 adMinerssn
609 4327 696 4378 Sanctii
712 4328 863 4380 l.ru.c.lt.
925 4327 949 4363 ³¹
966 4327 1097 4392 Togatsrera
1130 4331 1239 4395 ntum]
1276 4329 1408 4382 lnam

352 4389 388 4437 At
398 4388 438 4437 hic
449 4387 586 4454 notandum,
604 4391 634 4442 ri
643 4394 699 4456 pand
713 4393 777 4444 nulla
788 4392 862 4442 MSS.
894 4392 1001 4454 sumtu
1010 4394 1142 4458 μηίσιὼιι
1151 4411 1194 4460 par
1202 4406 1254 4460 poet
1263 4395 1406 4460 dadau,

352 4453 552 4508 aunodtateaiti.
583 4453 658 4520 igitur
673 4474 746 4526 quun
756 4458 828 4510 MSS.
838 4468 863 4510 et
895 4473 965 4526 qiam
975 4473 1054 4527 potata
1070 4475 1154 4522 omes
1168 4461 1284 4516 adititaea
1298 4475 1407 4529 rem
