3175 5200
382 356 442 421 m
809 340 1014 405 fflfflw
1145 374 1152 385 1

243 508 287 563 .c.
296 504 366 561 m
383 503 394 539 ⁶
407 506 516 570 umbra
525 504 712 567 consularem
722 503 820 566 vinem
831 502 1006 567 de'linrisse!
1018 503 1161 568 modoad
1174 507 1322 590 collegas,
1336 508 1349 542 ‘
1363 504 1430 571 Vos

245 574 291 627 ¹⁰·
300 574 355 626 ⁴¹⁹·
383 591 395 625 ‘
410 594 553 671 ιιιιιειη,88
568 593 593 654 si
605 610 687 653 reum
702 612 827 673 perago,
846 592 920 673 quid
933 592 1030 655 acturi
1045 592 1144 654 estis?
1171 615 1213 657 an
1228 596 1364 678 erepturi
1375 595 1430 679 jus

384 680 395 714 ‘
408 680 533 766 populo,
542 689 574 742 et
588 679 716 741 eversuri
738 678 929 741 tribuniciam
943 688 1130 760 potestatem
1143 679 1167 741 l'
1183 680 1287 751 Quum
1302 684 1360 761 illi,
1375 684 1431 745 ‘et
1489 700 1497 712 ·

383 766 395 800 ‘
410 769 448 830 de
463 764 642 849 Sempronio
653 776 686 827 et
697 764 886 827 deomnibus
895 784 1046 826 summam
1055 767 1161 849 populi
1173 765 1308 833 Romani
1319 780 1429 852 potes-

384 854 505 919 ‘tarem
525 851 610 931 esse,’
627 852 775 931 dicerent,
798 853 881 913 ‘nec
904 873 937 913 se
955 851 1106 935 judicium
1121 855 1227 936 populi
1248 856 1356 919 tollere
1373 868 1430 919 aut

384 940 495 1019 ‘velle,
511 952 563 1003 aut
578 958 668 1022 posse
676 961 687 1016 3
708 938 773 1014 sed,
788 939 814 1000 si
829 959 933 1021 preces
948 959 1008 1000 suoe
1019 958 1075 1020 pro
1089 940 1286 1023 imperatore,
1300 945 1353 1025 qui
1368 944 1428 1004 sibi

384 1027 543 1112 ‘parentis
565 1038 646 1089 esset
659 1026 737 1104 loco,
748 1046 812 1088 non
821 1025 995 1104 adulescat,
1010 1047 1043 1087 se
1054 1040 1173 1089 vestem
1184 1048 1256 1090 cum
1267 1052 1305 1093 co
1320 1042 1427 1093 muta·

384 1114 395 1149 ‘
409 1125 491 1178 turos
502 1112 521 1175 ι’
545 1126 610 1175 tum
626 1110 817 1190 Hortensius,
838 1109 928 1174 ‘Non
942 1111 1077 1190 videbit,'
1105 1113 1217 1195 inquit,
1237 1116 1342 1198 ‘plebs
1356 1116 1426 1178 Ro·

384 1200 395 1235 ‘
409 1222 500 1263 mana
507 1198 677 1263 sordidatos
686 1200 823 1262 tribunos
837 1220 917 1262 suos.
945 1196 982 1261 C.
997 1197 1212 1282 Sempronium
1223 1202 1297 1265 nibil
1307 1224 1422 1281 moror,

384 1288 535 1370 ‘quando
552 1286 610 1349 hoc
626 1298 674 1369 est
695 1286 726 1347 in
746 1285 874 1368 imperio
900 1298 1090 1365 consecunrs,
1104 1299 1141 1350 ut
1155 1299 1220 1351 tam
1236 1309 1321 1351 carus
1339 1300 1424 1352 esset

384 1370 575 1453 ‘militibua’
606 1370 672 1435 Nec
684 1372 781 1455 pietas
802 1383 933 1454 quatuor
945 1373 1144 1452 tribunorum,
1160 1395 1253 1457 quarn
1268 1374 1424 1439 Hortensii

384 1472 448 1525 tam
460 1460 611 1545 placabile
620 1460 660 1521 ad
674 1458 774 1541 justas
793 1479 900 1540 preces
918 1460 1083 1541 ingenium,
1102 1461 1216 1543 pariter
1233 1463 1314 1547 plebi
1324 1462 1425 1525 Patri-

384 1549 499 1631 busque
519 1547 633 1629 gratior
653 1546 719 1609 luit.
749 1544 823 1608 Non
842 1545 954 1609 diutim
966 1546 1087 1609 fortuna
1095 1545 1205 1631 AEqdis
1223 1547 1359 1629 indulsit,
1371 1550 1424 1631 qni

386 1635 557 1717 ambiguam
565 1632 721 1695 victoriam
730 1627 911 1695 Volscorum
925 1654 981 1714 pro
989 1654 1045 1695 sna
1055 1634 1185 1717 amplexi
1195 1636 1323 1700 menna

427 1719 542 1788 Xklll.
565 1718 708 1781 Proximo
731 1736 811 1779 anno
832 1717 872 1781 N.
895 1718 990 1781 Fabio
1009 1717 1168 1800 Vibulano,
1196 1721 1235 1785 T.
1265 1723 1423 1801 Quinctio,

386 1807 552 1893 Capitolini
578 1803 852 1887 filio,»Capitolino
891 1806 1072 1887 consulibus,
1103 1808 1194 1871 ductu
1233 1808 1331 1889 Fabii,
1367 1808 1419 1871 cui

294 1955 302 1970 ,
385 1907 467 1960 sorte
489 1914 526 1955 ea
539 1892 696 1989 provineip
710 1901 862 1969 evenerat,
884 1892 960 1952 nibil
983 1893 1104 1974 dignum
1118 1907 1288 1957 memoratu
1302 1908 1419 1958 aetum.

386 2002 479 2066 quum
494 1979 645 2063 trepidam
660 1990 779 2041 tantum
800 1976 1004 2040 ostendissent
1025 1980 1119 2041 aciem
1135 1978 1238 2063 AEqui,
1263 1983 1341 2065 turpi
1367 1981 1419 2043 fu-

275 2086 282 2102 ·
384 2090 426 2153 ga
440 2066 617 2130 funduntur.
644 2065 727 2127 baud
752 2084 865 2147 magno
890 2065 1020 2126 consulis
1043 2066 1160 2129 decore.
1182 2068 1285 2150 itaque
1308 2068 1416 2130 trium-

386 2158 463 2240 phus
484 2164 620 2237 negatur.
660 2150 802 2214 Ceterum
836 2152 876 2213 ob
902 2149 1126 2235 Sempronianae
1156 2154 1250 2215 cladis
1283 2152 1416 2216 levatam

386 2242 595 2325 ignominiam,
630 2250 665 2303 ut
707 2259 801 2302 ovans
838 2240 943 2300 urbem
976 2238 1112 2318 intraret,
1155 2240 1332 2303 concessum
1361 2252 1420 2303 est.

386 2328 648 2402 Quemadmodum
683 2326 797 2409 bellum
829 2325 956 2404 minore,
986 2346 1076 2407 quarn
1098 2326 1272 2405 timuerant,
1294 2328 1426 2389 dimica-

385 2416 468 2479 tione
492 2426 557 2477 erat
578 2413 757 2498 perlectum,
781 2412 880 2473 sicin
902 2413 975 2474 urbe
1000 2433 1040 2474 ex
1064 2414 1227 2495 tranquillo
1240 2414 1425 2497 necopinata

386 2503 480 2564 moles
520 2500 737 2563 discordiarum
776 2499 855 2561 inter
884 2500 1003 2582 plebem
1037 2521 1073 2562 ac
1098 2499 1203 2563 Patres
1239 2496 1346 2564 enorta
1364 2510 1423 2578 est,

385 2598 486 2670 coepta
514 2588 552 2650 ab
577 2586 759 2671 duplicando
782 2596 963 2668 qunstomm
986 2608 1121 2650 numero.
1148 2609 1241 2672 quam
1269 2611 1344 2668 rem,
1364 2586 1424 2667 (ut,

386 2685 492 2758 praeter
521 2674 596 2736 duos
623 2675 753 2735 urbanos
778 2683 950 2753 quassares,
977 2673 1037 2736 duo
1061 2675 1233 2737 consulibus
1253 2677 1293 2738 ad
1314 2676 1420 2738 minis-

385 2763 463 2825 teria
485 2760 555 2822 belli
581 2771 690 2844 proesto
713 2758 826 2838 essent)
854 2780 873 2820 a
898 2760 1070 2822 consulibus
1099 2762 1238 2841 relatam,
1270 2782 1358 2846 quum
1384 2773 1421 2824 et

387 2847 490 2911 Patres
517 2867 635 2910 summa
663 2866 721 2929 ope
744 2845 971 2929 adprobassent,
993 2849 1163 2911 consulibus
1187 2849 1418 2932 tribuniplebis

386 2946 538 3018 certamen
554 2933 729 3010 intulenmt,
744 2943 778 2994 ut
803 2953 872 3014 pars
892 2944 1073 3014 quaestorum
1087 2933 1172 3015 (nam
1194 2936 1235 2999 ad
1255 2937 1286 2998 id
1298 2947 1418 3016 tempus

384 3021 504 3107 patricii
515 3021 608 3084 creati
624 3019 723 3100 erant)
741 3020 882 3101 explebe
905 3019 1001 3082 fieret.
1040 3021 1189 3086 Adversus
1215 3044 1307 3105 quam
1322 3023 1420 3085 actio-

384 3131 454 3174 nem
472 3109 570 3192 primo
601 3118 633 3169 et
652 3107 790 3168 consules
813 3117 848 3170 ct
871 3105 974 3186 Patres
994 3129 1113 3170 summa
1130 3131 1189 3192 ope
1204 3110 1301 3172 adnisi
1327 3122 1420 3173 srurt:

382 3195 578 3260 concedendo
602 3194 723 3272 deinde,
738 3204 783 3272 ut,
812 3195 1065 3275 quemadmodum
1082 3196 1137 3257 inlr
1162 3199 1188 3238 ⁸⁹
1203 3198 1331 3260 tribunis
1346 3218 1420 3259 eon-

382 3284 472 3346 sulari
497 3293 651 3367 potestate
674 3281 816 3344 creandis
832 3281 880 3343 usi
909 3293 989 3361 sunt,
1024 3283 1146 3366 adaque
1169 3285 1200 3346 in
1223 3285 1420 3367 qunatodbus

382 3369 509 3434 liberum
540 3381 618 3433 esset
647 3368 945 3452 arbitrium'populi,
972 3389 1064 3450 quum
1090 3391 1195 3452 parum
1224 3371 1418 3454 proficerent,

381 3467 479 3520 totam
496 3477 559 3518 rem
584 3455 622 3516 de
647 3455 786 3537 augendo
812 3465 993 3537 questurum
1011 3476 1137 3518 numero
1156 3459 1312 3522 omittunt.
1355 3456 1419 3520 Ex·

382 3541 498 3624 cipiunt
533 3541 682 3604 omissam.
711 3541 834 3619 tribuni,
868 3541 992 3624 aliaque
1020 3543 1157 3625 subinde,
1187 3544 1264 3607 inter
1288 3565 1361 3628 quas
1385 3556 1420 3607 et

292 3660 298 3670 ·
382 3628 506 3710 agrariae
534 3628 620 3710 legis,
652 3627 802 3691 seditiose
828 3629 962 3691 actiones
998 3630 1165 3694 exsistunt:
1195 3644 1317 3715 propter
1341 3651 1419 3712 quos

381 3725 483 3777 motus
498 3734 591 3797 quum
611 3726 732 3777 senatus
749 3714 899 3793 consules,
921 3734 1010 3795 quam
1025 3717 1171 3797 tribunos,
1192 3721 1288 3781 creari
1301 3718 1420 3795 mallet,

380 3822 479 3884 neque
499 3813 602 3885 posset
628 3821 682 3884 per
711 3801 941 3864 intercessiones
974 3803 1150 3866 tribunicias
1175 3805 1420 3867 senatusconsul-

380 3900 446 3952 tum
462 3889 547 3968 lieri5
571 3887 768 3971 respublicas
782 3888 958 3950 consulibus
978 3890 1018 3952 ad
1034 3891 1248 3973 interregnum,
1269 3913 1368 3974 neque
1388 3891 1424 3952 id

380 3975 478 4058 ipsum
493 3974 577 4060 (nam
592 3975 672 4040 coire
686 3974 831 4060 patricios
855 3974 967 4038 tribuni
990 3977 1205 4061 prohibebant)
1231 3980 1297 4087 sipe
1321 3990 1423 4042 certa-

766 4117 1034 4190 mmmm.
1344 4091 1361 4129 '

412 4243 470 4292 ⁸⁸85
483 4263 545 4297 mas
565 4250 656 4316 perago]
678 4249 703 4298 Si
726 4249 755 4297 ad
777 4250 884 4300 ultimam
915 4250 1084 4314 lenioremque
1094 4254 1162 4301 relad
1170 4252 1277 4302 ultimum
1285 4258 1411 4317 marm.

379 4319 456 4369 persto
463 4310 486 4357 in
497 4317 620 4364 accomodo
630 4317 764 4381 Sempronio
772 4331 779 4374 ς
788 4318 808 4364 ri
818 4332 883 4366 reum
946 4317 969 4352 Ψ
978 4315 1184 4368 maiman
1192 4355 1214 4369 ..
1225 4321 1288 4367 ..uri
1296 4315 1360 4382 nant]
1376 4317 1427 4365 lla·
1530 4315 1535 4324 ’

378 4385 547 4434 parssrsrrnrer
565 4380 682 4444 insequor,
698 4397 740 4431 ner
757 4383 839 4432 absisto
854 4385 882 4430 ab
914 4393 1034 4446 postremae
1040 4387 1214 4438 sucesserat,
1220 4394 1244 4431 st
1250 4397 1428 4446 mmmm

379 4439 529 4490 mutiana.
563 4443 676 4496 panicula
689 4449 883 4512 pertumul-
914 4441 1360 4515 mormecsrpersridconulr'rianam
1374 4449 1426 4500 ale-

332 4563 334 4570 .
378 4502 885 4581 tioneiudicstrbsolatioaamqumdmper·
914 4514 1021 4577 gutiam.
1579 4528 1580 4599 p
