3175 5200
479 380 557 443 um.
578 379 614 440 V.
633 378 715 443 Cdi’.
734 376 834 443 xvn.
1128 390 1191 449 dm

196 536 298 603 xvll.
320 537 430 624 Ingens
448 540 519 603 inde
541 540 646 605 baberi
665 542 802 626 captivus
816 552 900 606 vates
914 554 1044 627 copore,
1057 562 1187 629 eumque
1198 558 1233 624 tt,
1242 556 1275 609 ce
1284 558 1342 610 ³⁶8.

155 626 299 690 adbibere
314 628 424 691 tribuni
441 628 571 690 militum
587 626 744 691 Cornelius
758 627 986 712 Postumiusque
1000 631 1041 693 ad
1054 631 1186 717 prodigii
1197 628 1229 679 A.
1239 624 1270 678 ⁰·
1281 626 1340 677 ³⁵⁴·

154 712 264 776 Albani
278 715 518 798 procurationem
530 736 566 777 ac
575 714 657 777 Deos
667 716 723 777 rite
731 716 897 799 placandos
911 737 1041 801 crepere.
1076 717 1186 781 luven-

154 809 279 884 tumque
294 802 417 865 tandem
431 812 487 879 est,
507 801 559 864 ubi
579 800 732 884 neglectas
747 804 933 866 ceremonias
948 803 1188 878 intermissumve

154 887 301 950 sollemne
325 887 376 950 Dii
404 900 564 970 arguerent
571 910 581 966 3
617 883 691 950 nibil
717 889 856 971 prolecto
884 890 1068 969 aliudesse,
1096 912 1188 973 quarn

156 974 357 1055 magistrante,
373 975 447 1037 vitio
462 986 589 1053 creatos,
605 976 632 1015 ⁶²
644 972 802 1037 horinon
824 997 1003 1059 sacrumque
1017 978 1048 1039 in
1067 977 1190 1040 Albano

155 1072 259 1123 monte
284 1081 346 1123 non
372 1062 427 1123 rite
456 1064 483 1101 ⁴³
496 1062 680 1143 concepisse.
724 1058 827 1125 Unam
848 1064 1055 1149 eripiatiouem
1086 1085 1191 1127 comm

155 1167 230 1225 ease,
242 1160 277 1211 ut
286 1148 399 1210 tn‘buni
416 1148 545 1211 militum
558 1147 734 1210 abdicarent
748 1168 781 1209 se
797 1151 988 1231 magistram,
1001 1152 1138 1236 auspicia
1153 1150 1193 1212 de

155 1233 273 1316 integro
292 1246 510 1316 repeterentur,
530 1246 562 1296 et
588 1235 790 1315 interregnum
811 1236 948 1299 iniretur.
991 1236 1039 1299 Ea
1051 1239 1097 1302 ita
1111 1239 1195 1321 facta

157 1330 228 1383 sunt
252 1342 292 1383 ex
319 1321 591 1385 senatusconsulto.
646 1318 814 1405 Interreges
839 1334 901 1385 tres
928 1323 1070 1407 deinceps
1100 1325 1195 1404 fuere,

75 1438 87 1461 ι
157 1404 191 1467 L
207 1406 356 1487 Velenus,
371 1406 409 1479 Q.
421 1406 563 1492 Servilius
578 1406 718 1486 Fidenas,
733 1406 780 1470 M.
792 1406 899 1471 Furius
908 1408 1065 1473 Camillus.
1096 1410 1195 1474 Num·

157 1512 249 1575 quam
282 1495 412 1559 desitum
453 1495 574 1558 interim
611 1495 737 1573 turbari,
772 1496 897 1559 comitis
932 1496 1197 1580 interpellantibus

157 1580 283 1643 tribunis
309 1582 416 1666 plebis,
446 1582 543 1645 donec
567 1582 759 1645 convenisset
782 1582 877 1665 prius,
908 1584 919 1617 ‘
943 1594 979 1645 ut
1003 1583 1103 1666 major
1127 1606 1197 1669 pars

157 1667 371 1731 ‘tribunorum
392 1668 521 1731 militum
537 1690 575 1731 ex
595 1669 683 1753 plebe
704 1667 879 1732 crearetur!
923 1668 1000 1741 Qua
1013 1670 1086 1733 dum
1101 1692 1202 1754 aganm

157 1765 216 1831 tur,
227 1755 358 1817 concilia
369 1753 496 1819 Etrurise
511 1756 552 1817 sd
569 1756 673 1817 lanum
686 1742 862 1819 Voltumnte
875 1756 991 1834 habita,
1013 1759 1197 1841 posculenti-

157 1840 270 1922 busque
295 1840 499 1923 Capenatibus
525 1864 561 1903 oc
586 1840 721 1921 Faliscis,
746 1854 781 1905 ut
805 1840 899 1906 Veios
919 1846 1073 1907 communi
1095 1843 1199 1907 animo

158 1927 343 2010 consilioque
359 1949 473 1991 »omnes
502 1927 628 1991 Etruria
654 1929 759 2075 pqpuli
788 1950 829 1993 ex
858 1930 1016 1994 obsidione
1038 1932 1199 2014 eriperent,

156 2034 331 2096 responsum
345 2025 409 2077 eet:
436 2018 550 2079 ‘antea
571 2036 603 2077 ae
622 2016 654 2077 id
694 2016 853 2079 ¹eientibne
869 2036 1008 2101 negasse,
1023 2018 1105 2101 quia,
1118 2018 1201 2080 unde

57 2154 59 2157 .
156 2101 167 2133 ‘
182 2102 341 2172 consilium
357 2122 417 2164 non
434 2102 582 2186 petissent
592 2122 682 2185 super.
695 2112 783 2164 tanta
797 2124 841 2182 re,
861 2105 1006 2166 auxilinm
1021 2103 1124 2188 petere
1137 2124 1203 2167 nors

156 2187 337 2250 ‘deberent
353 2209 433 2250 nunc
445 2188 512 2270 jam
527 2192 621 2270 “pro
641 2209 674 2249 se
702 2188 857 2253 fortunam
880 2212 966 2253 snam
986 2191 1045 2253 illis
1065 2212 1199 2275 negare3

158 2273 354 2337 ‘⁸⁵mexime
378 2276 410 2336 in
435 2287 582 2356 caparra
607 2273 740 2337 Etmriae.
785 2278 813 2316 ⁸⁶
822 2276 955 2340 Gentem
978 2278 1164 2341 inunitatem
1175 2288 1203 2355 ³,
1257 2315 1261 2324 ·

158 2360 276 2449 ‘novoe
304 2362 425 2425 adcolas
446 2360 550 2425 Gallos
571 2382 647 2441 esse,
664 2382 733 2425 curn
751 2364 858 2444 quibus
885 2384 941 2426 nec
962 2384 1023 2446 pax
1041 2366 1115 2429 satis
1128 2364 1203 2443 lida,

157 2447 240 2509 ‘nec
264 2448 377 2511 bellurn
398 2470 454 2532 pro
482 2459 565 2511 certo
586 2448 643 2509 sit:
677 2450 815 2531 sanguini
841 2461 944 2513 tamen
970 2451 1147 2532 nominique
1171 2461 1204 2513 et

156 2535 376 2632 ‘presentibus
402 2534 543 2620 periculis
564 2536 857 2617 consanguineorum
881 2536 915 2597 id
943 2535 1021 2616 dari,
1036 2549 1080 2615 ut,
1103 2536 1201 2618 siqui

156 2621 342 2703 ‘Juventutis
359 2643 418 2684 suae
432 2622 586 2684 voluntate
609 2622 647 2683 ad
671 2622 701 2683 id
719 2622 831 2684 bellum
846 2634 929 2699 eant,
945 2643 1009 2685 non
1024 2620 1203 2706 inpediant'

299 2810 455 2867 'smerde
471 2810 611 2860 Mamm
743 2812 896 2859 'inusitatas
906 2811 982 2859 (im.
993 2807 1063 2858 orer.

186 2971 209 3006 Ν
225 2970 328 3032 immas]
347 2969 432 3020 Feriss.
447 2970 486 3019 De
503 2985 582 3018 earnes
599 2969 665 3020 insti·
692 2968 890 3019 conmistulatara
901 2968 964 3018 rtur.
974 2967 1205 3024 scribitincssnillc.

154 3037 245 3086 tutione
264 3053 290 3084 ac
309 3037 356 3084 ritu
367 3038 420 3092 berc,
437 3036 488 3084 iere
504 3036 576 3084 babet
592 3034 665 3084 Dion.
691 3033 747 3082 Mos
761 3048 820 3092 erat,
834 3047 861 3083 ut
878 3034 982 3084 consules
992 3049 1040 3082 non
1051 3044 1105 3081 ante
1115 3033 1140 3080 in
1151 3049 1205 3097 pro·

155 3102 217 3149 brt.
233 3101 371 3163 Tarquinius
390 3101 506 3164 Superbus
523 3111 575 3164 post
595 3100 666 3147 ictum
692 3101 776 3148 vincias
790 3099 997 3164 proficiscerentur,
1008 3114 1076 3160 quarn
1086 3097 1127 3145 bss
1136 3097 1206 3146 feria

156 3181 210 3214 enm
221 3165 307 3212 Latinis
321 3165 404 3226 loedus,
423 3167 462 3228 [de
477 3181 522 3228 quo
532 3175 610 3212 noster
620 3162 636 3211 l.
648 3177 666 3210 1.
692 3162 826 3212 indixissent
837 3176 862 3212 et
871 3165 1031 3213 celebrassent.

155 3247 177 3280 c.
195 3229 247 3292 52.)
266 3229 303 3278 cui
321 3242 346 3278 et
366 3229 476 3290 Hernici,
498 3241 522 3277 et
542 3229 634 3291 qnidam
652 3243 666 3276 e
724 3225 747 3262 θ’
760 3226 895 3293 Comrpsae]
905 3228 968 3276 Nota
976 3228 1141 3292 proprietatem
1151 3239 1206 3274 rer-

157 3294 246 3343 Volscis
264 3294 368 3358 adscripti
386 3305 448 3349 sunt.
464 3305 491 3342 nt
508 3297 559 3356 ejus
575 3293 668 3340 t'oederis
692 3293 724 3340 bi.
741 3293 885 3340 Feriseenim
894 3292 982 3340 lanne
991 3293 1118 3353 ccncqrtioe
1125 3301 1205 3338 nante

158 3360 392 3422 memorianunqnsm
403 3358 668 3414 aboleretur.commune
694 3358 711 3405 i.
722 3372 743 3405 e.
758 3371 806 3405 non
821 3369 892 3406 statos
910 3373 936 3406 ac
955 3367 1030 3406 certos
1045 3356 1162 3403 habebant
1181 3355 1207 3403 in

156 3427 354 3475 borumornnium
410 3425 498 3472 ulormn
506 3423 667 3472 sacruminsti-
693 3435 753 3470 snno
770 3439 798 3471 sc
813 3438 892 3470 mense
903 3423 961 3482 dies,
971 3423 1012 3469 sed
1021 3422 1144 3484 quotannis
1153 3436 1207 3481 age·

158 3491 212 3548 tuit,
231 3493 292 3554 quod
313 3491 365 3538 lovi
422 3490 473 3538 tisri
502 3488 623 3552 quotannis
644 3489 667 3536 in
692 3488 776 3536 banttn
795 3488 823 3535 iis
840 3487 931 3546 diebus,
946 3488 972 3535 in
987 3487 1206 3549 qncsconsulesin-

159 3568 237 3606 raonte
257 3557 347 3605 Albano
369 3556 452 3605 fieret:
476 3555 592 3604 constituit
614 3553 668 3617 quid
693 3553 814 3602 dixissent.

159 3639 255 3688 quaeque
273 3623 351 3672 civitas
367 3622 390 3669 ia
407 3621 430 3669 id
448 3636 537 3669 ssorum
557 3619 669 3686 prebere,
725 3618 746 3653 ⁶⁴
764 3617 810 3666 Pes
828 3634 850 3666 se
859 3618 980 3684 fortunam
996 3613 1070 3680 suom]
1096 3612 1152 3662 Non
1170 3629 1207 3674 se,

158 3689 256 3754 quidex
273 3687 542 3752 eoreciperedeberet;
559 3698 668 3747 magnos
692 3685 733 3734 sed
755 3696 891 3748 presentem
910 3699 988 3732 rerum
1009 3691 1101 3732 mentm
1119 3690 1206 3728 mnas

157 3755 218 3813 alia,
227 3754 278 3802 slire
287 3769 373 3811 msece,
380 3759 421 3801 tre.
431 3751 555 3812 afferrent3
566 3763 669 3802 arsuro
693 3765 775 3812 negare
786 3749 922 3800 Veientibus
931 3747 1022 3799 sutilia.

157 3833 244 3882 sutem,
256 3820 372 3870 communi
382 3818 485 3868 omnium
492 3817 593 3880 victims,
603 3831 668 3866 susm
725 3814 747 3850 ⁶⁵
764 3815 898 3886 Medma
908 3813 1016 3876 aperte]
1031 3807 1086 3864 Qua
1097 3810 1120 3857 iu
1131 3819 1207 3873 parte,

160 3888 254 3950 quisque
275 3885 382 3951 populus,
405 3899 502 3946 eamque
529 3895 614 3932 certem
641 3898 669 3930 ac
693 3897 740 3930 non
760 3880 877 3929 definitur.
908 3881 1011 3932 Fortasse
1028 3874 1150 3935 legendam
1170 3885 1207 3922 sat

159 3951 297 4012 designatam
307 3953 434 4015 portionem
445 3951 567 4014 acciperet.
591 3945 670 4012 Hujus
694 3949 787 3994 maesse
799 3949 901 4008 inparts.
1147 4003 1153 4016 .

158 4023 214 4066 sacri
229 4017 349 4082 participes
359 4029 425 4065 erant
436 4028 525 4078 septem
535 4029 669 4078 supraque·
724 4010 747 4046 ω
765 4011 856 4060 Gentes
870 4008 1008 4072 inusitatam]
1028 4006 1206 4068 numbram

159 4084 260 4144 draginta
271 4083 361 4147 populi:
374 4081 597 4144 Romsaipraeersnt.
616 4079 669 4127 Hoc
694 4094 707 4126 e
729 4077 812 4128 uostris
827 4077 893 4125 codd.
911 4076 1064 4123 antenna:
1094 4070 1204 4147 Ceteram
1302 4117 1307 4128 ,

159 4149 214 4197 dnm
228 4147 392 4207 celebraretur,
409 4147 436 4195 ab
453 4148 516 4195 omni
533 4146 553 4194 ri
569 4163 594 4195 ac
608 4145 669 4194 bello
693 4159 740 4194 non
751 4145 857 4192 videntur
868 4140 972 4191 debuisse
986 4137 1049 4188 Galli
1059 4135 1165 4216 appellsn
1174 4135 1204 4182 sb

160 4213 297 4262 cessabatur.
329 4213 468 4276 Tarquinius
483 4228 555 4260 unum
570 4211 669 4260 diemiie
694 4209 795 4259 Etnaeis
812 4223 866 4272 gens
883 4206 1002 4268 imm,
1018 4207 1064 4254 sire
1081 4207 1203 4260 msera,

159 4277 223 4326 feriis
235 4279 359 4328 dicaverat:
378 4279 475 4327 alterurn
490 4277 604 4342 adjectum
619 4291 668 4325 esse
692 4286 733 4324 aut
742 4275 792 4322 novi
802 4273 887 4333 sem,
896 4283 966 4333 quum
974 4267 1202 4341 mreduoeutnsism

179 4341 667 4460 rm‘ffmpiidl‘
692 4328 1202 4465 Vllfflffldffiffl

158 4473 232 4522 Dion.
240 4485 319 4522 aanor
329 4487 364 4524 est
374 4475 495 4524 subirem
506 4473 522 4522 l.
535 4486 568 4522 rr.
590 4472 666 4520 Quar-
690 4471 772 4522 Tuecis
779 4483 829 4520 reas
840 4467 972 4519 habuerint.

160 4549 212 4590 tum
220 4539 321 4590 netum
331 4555 380 4591 esse
389 4551 440 4606 post
451 4539 565 4602 legende
575 4537 667 4604 plebeio
736 4605 739 4612 Ι
