3175 5200
548 414 684 476 1.1a.11.
717 363 860 480 cnam
992 423 996 434 '
1187 422 1235 486 85⁴
1329 442 1331 446 ’

186 562 293 628 ‘velut
307 561 511 627 moditatem
526 564 626 646 gentis
640 562 750 625 scelere
765 564 842 625 aevi
862 564 1014 649 repetisse.
1057 568 1153 634 Pulso'
1165 571 1224 637 Su·
1237 584 1272 635 tl.
1284 582 1313 636 e.
1324 553 1400 636 2⁴5.¹

184 650 313 735 ‘perbo,
333 670 424 734 penes
445 650 629 713 Collatinum
644 649 813 733 imperium
835 672 909 713 esse.
952 652 1076 718 Nescire
1094 658 1225 743 Tarqui·
1238 650 1378 704 ‘bc-⁵⁰⁷·

185 738 196 771 ‘
210 739 275 800 uios
288 738 421 822 privatos
434 738 541 800 vivere.
555 739 616 801 non
630 739 750 821 placere
773 757 896 800 nomen.
915 741 1115 822 periculosum
1133 747 1225 817 liber-

184 825 267 887 ‘tati
281 822 365 888 esse!
409 824 468 887 l·lic
482 825 581 907 primo
594 825 705 888 sensim
720 825 904 887 tentantium
920 826 1036 889 animos
1055 849 1153 894 sermo
1171 856 1227 918 per

185 922 283 974 totam
306 912 460 975 civitatem
483 922 530 973 est
553 912 652 990 datus,
674 911 895 994 sollicitumque
916 914 1086 996 suspicione
1104 919 1224 1000 plebem

185 996 296 1061 Brutus
318 1000 358 1061 sd
381 1000 558 1062 concionem
573 1010 672 1061 vocat.
717 994 762 1059 lbi
777 998 913 1061 omnium
926 1000 1058 1083 primurn
1071 1000 1225 1085 jusjuran.

130 1106 135 1117 ·
184 1084 256 1147 dum
279 1085 381 1170 populi
405 1086 524 1149 recitat.
567 1084 755 1149 ‘Neminem
776 1106 902 1167 regnare
915 1107 1067 1169 passuros,
1087 1109 1145 1151 nec
1160 1098 1226 1155 'esse

182 1170 193 1203 ‘
208 1170 323 1253 llomoe,
337 1173 418 1235 unde
431 1172 599 1256 periculum
612 1172 744 1236 libertati
759 1172 848 1235 foret.
883 1170 918 1236 ld
932 1194 1053 1236 summa
1065 1196 1125 1259 ope
1138 1188 1227 1241 tuen·

183 1258 193 1290 ‘
208 1256 286 1321 dum·
295 1280 379 1322 ease:
403 1280 501 1343 neque
515 1258 607 1322 ullam
621 1281 695 1338 rem,
712 1278 777 1340 que
790 1280 828 1321 eo
842 1258 1003 1343 pertineat,
1018 1271 1226 1327 'contemnen-

182 1344 290 1409 ι(Ιαιῐι.
344 1345 475 1409 Invitum
498 1366 531 1408 se
554 1347 653 1409 dicere
676 1344 807 1408 hominis
830 1366 961 1409 caussa:
993 1368 1050 1410 nec
1074 1347 1227 1415 dictumm

182 1430 308 1509 ‘brisso
330 1433 362 1493 ni
385 1435 494 1496 caritas
516 1433 687 1515 reipublicae
709 1433 852 1495 vinceret.
895 1432 966 1497 Non
988 1435 1148 1521 crederep
1189 1460 1228 1501 u·

181 1516 193 1549 ‘
207 1518 270 1580 lum
284 1517 466 1599 Romanum,
478 1520 606 1582 solidam
621 1520 793 1583 libertatem
806 1532 1014 1603 recuperatam
1029 1537 1104 1585 esse.
1128 1460 1226 1587 '‘ole-

183 1604 196 1658 ‘.
206 1604 289 1685 giurn
304 1626 409 1688 genus,
425 1608 539 1689 regium
553 1626 674 1686 nornen,
689 1628 750 1669 non
765 1607 862 1669 solum
874 1608 905 1669 in
917 1609 1050 1688 civitate,
1065 1611 1224 1675 sedetiam

182 1690 240 1753 ‘in
263 1693 389 1775 imperio
410 1714 486 1755 esse.
530 1691 565 1755 ld
580 1693 720 1773 obiicere,
742 1692 920 1757 id'obstare
944 1696 1087 1759 libertati.
1131 1696 1224 1761 Hunc

181 1776 263 1855 ‘tu‚'
285 1778 393 1860 inquit,
425 1779 507 1843 ‘tua
529 1778 696 1860 voluntate,
718 1778 752 1843 L.
774 1778 933 1863 Tarquini,
954 1802 1074 1845 remove
1096 1797 1224 1848 metum.

182 1862 414 1943 ‘Meminimus,
440 1866 581 1946 fatemur,
611 1866 727 1951 ejecisti
752 1889 848 1951 reges.
891 1868 1022 1932 Absolve
1043 1871 1224 1934 beneficium

180 1950 301 2015 ‘tuum
344 1952 438 2015 Aufer
453 1954 524 2017 hinc
537 1954 652 2037 regium
667 1974 788 2017 nomen.
821 1954 883 2017 Res
896 1967 965 2017 tuas
980 1955 1036 2019 tibi
1050 1978 1112 2019 non
1125 1958 1224 2021 solum

181 2034 334 2102 ‘reddent
355 2039 435 2104 cives
454 2042 510 2120 tui,
525 2053 648 2104 auctore
661 2062 730 2121 me;
757 2041 821 2121 sed,
839 2042 863 2104 si
884 2042 957 2124 quid
972 2043 1067 2122 deest,
1081 2044 1225 2108 munifice

181 2123 232 2165 ‘¹⁵
247 2127 410 2207 augebunt.
452 2128 577 2191 Amicus
592 2129 651 2190 abi.
673 2150 806 2192 exonera
825 2128 980 2192 civitatem
999 2150 1078 2193 vano
1098 2132 1225 2195 forsitan

181 2210 300 2273 ‘metu
355 2212 403 2275 lta
427 2235 600 2298 persuasum
627 2228 674 2278 est
699 2216 818 2293 animis,
851 2236 920 2277 curn
946 2228 1038 2300 gente
1058 2216 1227 2301 Tarquinia

181 2296 331 2379 ‘regnum
354 2299 426 2361 lrinc
449 2299 620 2365 abiturum?
642 2344 643 2349 κ
665 2300 789 2365 Consuli
809 2302 908 2385 primo
931 2314 995 2366 tarn
1019 2324 1103 2368 nove
1122 2305 1165 2367 rei
1189 2326 1226 2368 ac

181 2384 287 2447 subitae
301 2374 463 2449 admiratio
477 2388 639 2452 incluserat
660 2410 776 2451 vocem.
821 2389 930 2453 Dicere
948 2390 1057 2453 deinde
1079 2392 1227 2475 incipien-

181 2482 244 2531 tem
266 2472 413 2554 primores
436 2474 566 2537 civitatis
593 2475 827 2554 circumsistunt,
850 2477 955 2538 eadem
970 2476 1073 2539 multis
1088 2478 1227 2561 precibus

181 2570 279 2622 orant.
323 2558 364 2621 Et
387 2560 478 2623 ceteri
507 2560 629 2643 quidem
655 2564 818 2626 movebant
841 2562 951 2626 minus.
981 2575 1143 2646 postquam
1171 2561 1227 2648 Sp.

181 2643 348 2724 lucretius,
365 2650 389 2686 ¹⁶
406 2645 502 2729 major
516 2659 606 2710 aetate
621 2669 657 2709 sc
672 2650 833 2732 dignitate,
855 2670 943 2712 socer
956 2662 1101 2734 praeterea
1123 2649 1226 2734 ipsius,

181 2751 270 2814 sgere
286 2733 377 2811 varie,
400 2734 539 2816 rogando
554 2735 676 2796 altemis
690 2736 915 2818 suadendoque,
932 2736 1037 2820 coepit,
1051 2751 1086 2801 ut
1098 2738 1179 2800 vinci
1194 2759 1227 2799 se

180 2817 328 2884 consensu
351 2821 483 2883 civitatis
508 2832 663 2905 pateretur
674 2844 684 2899 3
713 2822 824 2884 timens
838 2825 955 2904 consul,
977 2845 1017 2885 ne
1029 2825 1226 2909 postmodum

180 2907 297 2988 privato
323 2906 380 2970 sibi
404 2909 510 2970 eadem
534 2907 673 2970 iliacum
693 2909 844 2970 bononem
867 2911 1039 2989 amissione,
1062 2911 1235 2994 additaque

181 2993 241 3055 alia
266 2995 388 3077 insuper
411 2994 589 3077 ignominis,
612 2995 796 3073 acciderent,
819 2996 972 3059 abdicavit
995 3019 1027 3060 se
1046 2999 1373 3061 consolatorium

180 3081 326 3160 rebusque
347 3082 408 3142 suis
434 3082 573 3144 omnibus
599 3081 755 3144 Lavinium
778 3082 943 3160 translatis,
977 3084 1103 3146 civitate
1124 3084 1227 3146 cessit.
1238 3072 1366 3121 m·

181 3162 295 3227 Brutus
310 3185 349 3226 ex
368 3167 629 3230 senatusconsulto
645 3168 685 3229 ad
705 3168 852 3250 populum
871 3169 953 3247 tulit,
974 3179 1010 3230 ut
1027 3189 1131 3230 omnes
1147 3169 1228 3230 'ller-

182 3250 290 3332 quiniae
303 3253 402 3332 gentis
417 3253 534 3314 exsules
556 3266 679 3316 essent:
710 3249 859 3334 collegem'
881 3255 939 3315 sibi
963 3255 1097 3316 comitiis
1119 3267 1227 3318 centu·
1239 3266 1355 3317 sumeres

182 3336 268 3399 ristis
282 3337 395 3400 creavit
409 3337 441 3398 P.
457 3337 623 3415 Valerium,
637 3357 697 3420 quo
711 3337 851 3420 adjutore
866 3359 951 3420 reges
964 3338 1106 3421 ejecerat.
1240 3333 1268 3384 Ρ·
1277 3332 1390 3383 W*

181 3513 289 3566 tanquam
309 3501 387 3563 sileni,
401 3517 444 3553 nec
462 3502 584 3567 quidquem
600 3500 649 3567 jam
659 3503 687 3551 ad
752 3501 773 3536 ¹⁵
790 3501 919 3582 Argeum]
935 3503 967 3554 Et
977 3519 1033 3582 sero
1048 3505 1128 3569 viginti
1138 3467 1226 3558 tuente

180 3583 206 3618 se
223 3569 373 3632 pertineotlse
389 3569 430 3618 sed
446 3567 522 3628 illum,
532 3568 596 3617 velut
612 3567 688 3618 luere-
722 3567 817 3630 (msrcae
833 3569 1167 3638 susurrorem-1875.)
1182 3575 1226 3640 ipsi

181 3634 278 3682 elicerem
305 3646 431 3699 paternam,
455 3649 554 3696 reguum
580 3635 689 3700 repetisse
720 3633 749 3684 ‹le
761 3635 928 3699 publicolam
946 3637 1046 3700 quinque
1061 3638 1225 3702 (mumma.

181 3701 358 3830 etismfflvim
370 3711 394 3749 et
406 3700 488 3750 scelus.
721 3700 965 3766 consessumque
981 3703 1226 3766 suolimtuslergitus

213 3766 235 3799 ¹⁴
304 3767 347 3814 'am
355 3765 435 3830 genus]
459 3766 532 3814 Bruto
542 3764 585 3830 ipsi
598 3773 686 3814 mater·
718 3778 763 3818 set.
779 3767 942 3831 Dionysia.

181 3847 236 3880 uum
247 3847 320 3892 genus
332 3844 381 3880 eret
392 3847 421 3880 cx
432 3833 529 3893 regibus.
562 3831 614 3879 lam
631 3847 687 3880 sero
751 3830 771 3868 ¹⁶
793 3831 869 3893 Major
878 3863 960 3880 .....
969 3832 1089 3896 dlgnr'tote]
1116 3829 1226 3887 Qucum

181 3897 266 3946 mirum
277 3899 390 3960 prolecto,
400 3897 546 3948 liberatorem
560 3897 620 3945 urbis
631 3896 686 3946 Col.
718 3899 787 3951 morlo
794 3897 865 3958 major
871 3897 980 3962 digrsitm
989 3899 1228 3961 Lucretiusprirstus,

180 3963 394 4012 lerinumobunius
405 3965 503 4014 nominis
513 3963 619 4012 invidiam
631 3964 686 4010 ciri·
718 3980 787 4026 quam
805 3961 937 4020 Collatinus,
949 3963 1043 4014 consul!
1067 3962 1161 4027 Nmpe
1174 3964 1227 4029 dig-

181 4040 229 4078 ute
247 4027 306 4094 ejici.
339 4029 422 4092 ltaque
440 4032 546 4080 emitum
559 4029 622 4076 livio
632 4044 685 4076 sen-
718 4028 1012 4088 rutulillestsbbooore,
1027 4025 1070 4076 seu
1085 4035 1227 4089 magistram.

180 4095 224 4144 tire
241 4095 333 4144 videtur
350 4093 434 4144 Cicero
453 4109 491 4144 nt.
508 4096 537 4142 de
550 4095 598 4144 Off.
610 4109 634 4142 n.
645 4095 686 4142 lo.
718 4109 761 4144 nec
773 4109 874 4158 unquam
885 4109 994 4144 eoscum
1007 4095 1068 4158 apud
1085 4095 1166 4158 probos
1181 4094 1226 4143 la·

181 4161 257 4209 serius
273 4174 351 4209 romeu
370 4160 525 4210 existimamus
542 4161 603 4224 quod
614 4159 687 4208 Dion.
718 4162 816 4211 ciuitatis
842 4169 960 4215 naemei,
974 4161 1085 4213 sumitur.
1121 4157 1228 4223 Densa:

180 4225 341 4278 l.·r.etPlut.
360 4226 386 4276 in
404 4226 467 4290 Popl.
485 4238 594 4276 narrent:
608 4225 685 4274 Colla·
718 4227 898 4284 incestasset
989 4226 1123 4290 amplitudo,
1136 4237 1226 4278 meos.

182 4291 257 4340 riuum
273 4307 321 4342 nou
334 4293 558 4356 pulsemurbs,nisi
567 4303 686 4356 postquem
718 4289 831 4340 lectites
849 4292 880 4342 iis
939 4303 965 4340 us
978 4291 1227 4355 omnibusqnulitul

181 4355 293 4418 Aquillius
313 4359 396 4416 sororis
410 4357 467 4406 tilios
484 4358 568 4406 merito
577 4358 688 4422 supplicio
719 4357 873 4422 splendorem,
898 4357 1102 4417 existimationem,
1129 4373 1226 4413 vener»

183 4420 270 4484 cripere
284 4438 389 4484 comesu,
403 4425 426 4472 in
440 4425 589 4488 suspicionem
601 4424 688 4472 civibus
720 4423 809 4485 tionem
820 4423 956 4484 conciliante
971 4424 1228 4486 genemrebusgestis,

181 4485 337 4539 subvenerit
358 4491 507 4556 propendens
532 4491 557 4540 iu
578 4501 688 4555 tyrannos
719 4489 777 4538 sctis
797 4489 935 4555 bonoribus,
962 4500 1044 4550 estete,
1068 4491 1164 4547 rmore,
1179 4499 1228 4538 etc.

182 4552 264 4604 mimi.
720 4554 811 4622 ltaque,
824 4554 913 4609 bonore
941 4555 1075 4614 Lucretium
1101 4553 1229 4608 Collatinus
