3175 5200
272 435 276 450 ,
369 386 446 444 sss·
508 343 518 354 ’
781 371 988 440 turtum

204 545 239 596 U.
251 545 280 595 C.
288 545 344 598 atr.

204 612 236 661 A.
244 611 275 664 0.
284 613 342 664 321.

368 535 557 602 'lisseulmos
568 533 879 612 animadverteretur3
900 552 1028 617 quornm
1049 553 1155 598 eorurn
1176 555 1288 620 opese
1310 536 1423 600 eonsi-

369 625 411 688 lio
432 623 583 688 Veliterni
598 621 848 704 Privernatesque
873 621 988 706 populo
1014 621 1156 685 Romano
1181 622 1295 686 bellum
1320 624 1424 687 fecis·

368 722 447 774 sent.
492 709 624 792 Populus
638 705 830 771 'Ibsculsnos
854 727 925 770 curn
951 707 1129 791 conjugibus
1157 731 1194 772 ac
1220 710 1321 773 liberis
1349 709 1421 774 Ro-

368 819 452 860 mam
465 797 560 858 venit.
581 815 619 856 ea
633 793 805 874 multitudo,
830 806 914 856 veste
927 806 1058 874 mutata,
1079 807 1112 858 et
1125 799 1154 836 ⁸¹
1163 797 1266 880 specie
1280 819 1420 877 reorum,

367 885 463 946 tribus
493 880 610 959 circuit,
640 882 767 964 genibus
791 901 826 943 se
852 882 989 944 omnium
1014 882 1199 944 advolvens.
1216 884 1284 966 plus
1309 885 1421 966 itaque

366 968 575 1032 misericordia
590 968 630 1030 ad
644 989 742 1051 poenae
762 967 883 1030 veniam
898 969 1121 1051 inpetrandam,
1142 989 1235 1051 qnam
1250 991 1359 1033 mussa
1373 973 1418 1034 ad

366 1057 484 1118 crimen
510 1055 701 1140 purgandum
725 1055 830 1117 valuit.
872 1052 983 1116 Tribus
1004 1075 1123 1133 ornnes,
1144 1067 1251 1138 praeter
1274 1057 1418 1136 Polliam,

367 1143 563 1224 antiquarunt
588 1143 697 1224 legem.
740 1141 843 1204 Pollia
864 1141 1017 1204 sententia
1038 1142 1107 1221 luit,
1130 1143 1258 1225 puberes
1272 1146 1417 1207 verbera·

366 1241 416 1292 tos
431 1230 543 1308 necari,
566 1227 710 1312 conjuges
726 1229 896 1310 liberosque
910 1228 966 1290 sub
983 1248 1097 1291 corona
1118 1227 1186 1311 lege
1200 1229 1273 1292 belli
1288 1232 1393 1293 venire
1406 1254 1416 1294 s

367 1318 607 1398 memoriamque
636 1313 702 1398 ejus
731 1316 792 1378 iroe'
811 1313 992 1378 Tusculanis
1021 1316 1052 1377 in
1081 1335 1180 1398 poena
1206 1330 1272 1379 tam
1301 1319 1417 1380 atrocis

367 1415 507 1468 auctores
523 1403 671 1466 mansisse
685 1401 749 1464 adq
774 1414 896 1486 patrum
918 1413 1041 1464 aetatem
1063 1415 1196 1480 constat,
1220 1422 1277 1466 nee
1304 1425 1416 1486 quem-

366 1511 458 1574 quam
485 1491 579 1554 ferme
604 1509 643 1552 ex
669 1485 766 1552 Pollia
788 1490 870 1552 tribu
895 1489 1093 1552 candidatum
1117 1489 1309 1572 ”Papiriam
1333 1492 1439 1556 ferre·

365 1578 499 1640 solitum.

200 1657 337 1711 memte.
409 1662 589 1728 XXXVIII,
612 1662 786 1746 Insequenti
813 1683 907 1740 anno,
934 1662 974 1733 Q.
984 1661 1089 1741 Fabio,
1116 1630 1306 1726 “lal‘brlrio
1334 1683 1437 1728 oon··

198 1725 231 1773 A.
243 1723 273 1774 C.
281 1725 338 1774 ³2⁰.

199 1789 232 1845 Q.
242 1788 322 1849 Fabio,

198 1854 314 1904 urum

201 1921 268 1970 Con.

198 1985 232 2034 A.
242 1986 331 2033 Corne·

197 2050 242 2098 lius
251 2051 322 2101 diets·

198 2126 244 2166 Μ’.

365 1752 489 1830 sulibus,
515 1751 553 1814 A.
568 1750 726 1813 Cornelius
741 1749 856 1812 Arvina
878 1749 1013 1812 dictator
1037 1761 1071 1813 et
1093 1748 1140 1810 M.
1151 1749 1258 1812 Fabius
1271 1750 1415 1814 Ambus·

367 1849 415 1902 tus
430 1840 576 1921 magister
590 1837 737 1919 equitum,
759 1849 845 1898 metu
865 1837 1012 1918 gravioris
1032 1836 1066 1898 in
1088 1834 1209 1898 Samnio
1221 1837 1290 1898 belli
1315 1837 1414 1903 lcon-

367 1925 461 1987 ducta
475 1926 557 1988 enirn
579 1924 680 2007 pretio
696 1945 716 1985 a
729 1922 869 1985 finitimis
886 1921 1029 2005 juventus
1051 1921 1215 2003 dicebatur)
1238 1923 1409 1986 intentiore

368 2011 489 2076 delectu
503 2010 622 2088 habito,
647 2010 803 2092 egregium
825 2010 992 2072 exercitum
1008 2009 1148 2072 adversus
1161 2009 1308 2072 Samnites
1323 2009 1406 2074 dux-

367 2111 466 2162 erunt.
520 2096 628 2160 Castra
658 2097 688 2160 in
719 2095 838 2158 hostico
867 2095 1016 2158 incuriose
1045 2098 1091 2158 its
1118 2096 1226 2180 posita,
1249 2107 1407 2178 tamquam

366 2185 471 2267 procul
496 2185 617 2247 abesset
643 2183 760 2244 hostis:
795 2203 889 2264 quum
919 2183 1020 2246 subito
1049 2183 1197 2245 advenere
1224 2181 1411 2246 Samnitium

367 2270 502 2354 legiones
524 2281 613 2334 tanta
638 2269 763 2347 ferocia,
789 2282 825 2331 ut
844 2269 965 2332 vallum
981 2289 1074 2352 usque
1100 2269 1140 2331 ad
1164 2270 1326 2332 stationem
1344 2268 1414 2332 Ro-

367 2379 490 2422 manam
506 2357 662 2420 inferrent.
706 2353 778 2419 Nox
800 2354 868 2438 jam
882 2357 1069 2438 adpetebat:
1092 2357 1124 2418 id
1139 2355 1296 2439 probibuit
1309 2356 1414 2417 muni-

367 2457 473 2508 menta
488 2443 609 2507 adoriri.
632 2463 689 2506 nec
704 2441 947 2518 dissimulabant,
969 2455 1039 2508 orta
1052 2444 1120 2504 luce
1135 2454 1259 2526 postero
1275 2442 1326 2504 die
1346 2442 1414 2504 lac-

367 2545 461 2596 turos.
507 2530 662 2608 Dictator,
688 2529 738 2591 ubi
755 2528 928 2612 propiorem
951 2549 1004 2612 spe
1020 2530 1249 2592 dimicationem
1264 2529 1353 2608 vidit,
1374 2551 1416 2592 ne

366 2620 497 2682 militum
524 2619 629 2680 virtuti
653 2618 766 2678 damno
789 2617 874 2677 locus
896 2629 987 2693 esset,
1011 2617 1131 2699 ignibus
1153 2618 1267 2678 crebris
1289 2617 1414 2696 relictis,

365 2707 414 2789 qui
430 2714 627 2787 conspectum
643 2703 777 2763 bostium
794 2702 1021 2780 frustrarentur,
1045 2703 1168 2764 silentio
1184 2705 1322 2785 legiones
1337 2704 1412 2765 edu·

364 2794 425 2855 eit:
453 2812 509 2853 nec
537 2802 641 2852 tannen
671 2788 774 2849 fallere
800 2800 925 2870 propter
951 2788 1213 2871 propinquitatem
1242 2801 1414 2853 castrorum

364 2879 475 2963 potuit.
527 2875 629 2958 Eques
655 2874 812 2956 extemplo
832 2874 984 2937 insecutus
1009 2876 1052 2937 ita
1075 2875 1188 2937 institit
1216 2877 1344 2958 agmini,
1367 2887 1415 2955 ut,

365 2966 463 3029 donec
493 2964 669 3038 lucesceret,
699 2960 808 3044 proelio
834 2960 1012 3024 abstineret.
1041 2982 1081 3023 ne
1105 2962 1261 3045 pedestres
1287 2963 1415 3044 quidem

365 3054 460 3137 copisa
482 3062 554 3114 ante
575 3050 675 3111 lucem
697 3048 806 3109 castris
820 3067 958 3129 egresssa
1002 3046 1115 3130 Fqsres,
1130 3049 1197 3111 luce
1217 3050 1341 3113 demum
1357 3070 1415 3111 au-

364 3160 416 3202 sus
431 3141 582 3202 incursare
597 3137 629 3197 in
644 3135 776 3211 bostem,
801 3134 958 3216 carpendo
977 3136 1168 3213 novissimos,
1185 3136 1416 3219 premendoque

365 3227 475 3309 iniquis
504 3226 544 3289 ad
570 3222 731 3286 trarrsitum
757 3220 844 3297 locis,
870 3241 981 3301 agmen
1005 3222 1144 3284 detinuit.
1168 3223 1291 3284 interim
1317 3224 1416 3305 pedes

364 3314 499 3393 equitem
527 3303 708 3385 adsecutus3
736 3318 767 3369 et
793 3307 868 3369 totis
890 3304 956 3388 jam
979 3309 1076 3391 copiis
1106 3306 1227 3371 Samnis
1251 3310 1415 3390 urguebat.

362 3396 444 3461 Tum
460 3398 602 3475 dictator,
630 3406 791 3479 postquam
819 3394 884 3455 sine
908 3414 1023 3477 magno
1048 3396 1246 3459 incommodo
1267 3397 1415 3479 progredi

818 3558 945 3608 anem.

362 3692 433 3741 Porro
464 3690 588 3741 Taunrlsni
621 3694 793 3743 rebellaverant.
817 3712 872 3744 eum
888 3707 980 3745 .nsrrst
989 3698 1044 3747 vn.
1054 3697 1307 3749 Max.l.sx.e.lb...'

362 3760 448 3807 esteris
466 3758 565 3807 husu:
586 3774 614 3807 sc
632 3760 764 3809 rebellionis
779 3776 871 3823 poenm
934 3764 957 3800 ⁹⁴
973 3762 1102 3828 L.Fsslois]
1118 3764 1156 3813 De
1176 3780 1205 3813 eo
1225 3766 1258 3812 sie
1275 3764 1346 3813 haber
1363 3764 1415 3812 Pli-

365 3825 430 3887 pauci
449 3836 555 3873 sonoras
572 3826 736 3877 sustinuerant.
769 3826 823 3874 Vid.
831 3842 871 3875 sss·
888 3827 965 3885 -ssias,
983 3829 1000 3877 l.
1013 3841 1060 3877 vn.
1081 3833 1154 3880 alt.
1171 3829 1222 3877 'Fas
1240 3839 1262 3877 st
1281 3828 1418 3879 amun

361 3891 480 3955 praeli.
513 3890 579 3939 Nnu
597 3892 626 3939 sla
642 3891 669 3939 iis
685 3907 762 3953 postes
781 3892 872 3939 adhoc
903 3895 964 3941 inter
983 3894 1081 3956 insignia
1104 3896 1209 3957 ere-plu
1237 3894 1418 3944 Tsseslenrssss

362 3969 434 4017 usque
450 3966 542 4020 tempus
554 3954 634 4005 Livius
649 3956 728 4006 habet.
762 3956 808 4005 Sed
822 3956 872 4005 illm
902 3958 1056 4007 rebellantium
1085 3960 1169 4019 osmi,
1192 3960 1304 4023 udaque
1326 3960 1418 4020 ieme,

361 4022 421 4069 eires
442 4019 492 4069 nse
514 4032 616 4085 tempora
644 4038 723 4069 rursus
748 4022 872 4070 rebellssss
902 4038 971 4083 quaes
990 4026 1110 4083 tramissst,
1134 4034 1249 4074 srorsstss
1268 4024 1383 4089 casaiae
1399 4046 1417 4075 s

362 4084 475 4145 edligbur
495 4100 524 4134 ex
546 4084 629 4138 Plinio.
660 4085 714 4135 Vid.
734 4098 783 4135 nor.
802 4086 831 4133 sd
849 4102 871 4136 s.
900 4089 981 4148 populo
996 4088 1107 4136 lamna:
1127 4092 1166 4153 qai
1181 4091 1238 4137 selus
1253 4092 1323 4138 sedeas
1344 4107 1417 4151 aas,

362 4166 468 4213 sequens.
901 4168 944 4213 qus
957 4152 1040 4217 ssarst
1063 4153 1137 4212 iestis,
1163 4153 1237 4203 nm
1268 4155 1418 4217 summonte

393 4215 416 4249 Β
434 4215 645 4280 *speum1
663 4215 870 4267 inlusarum
901 4233 928 4264 cs
956 4219 985 4263 s‘s's
1004 4232 1097 4278 quemn
1121 4220 1198 4267 messi
1216 4218 1308 4283 fssrst.
1355 4218 1417 4269 llsat

363 4290 397 4325 vs.
410 4279 530 4343 lzsoprs.
902 4280 1023 4330 medusa
1052 4296 1108 4329 cusa
1137 4282 1198 4333 nni
1226 4284 1358 4333 nsrrss‘soae
1386 4287 1418 4335 de

393 4342 415 4379 θ’
433 4340 548 4403 Papirius·
559 4344 639 4409 sarrs]
668 4344 754 4395 Tribus
776 4344 872 4412 Pspirise
902 4346 1040 4395 Tusculanis
1061 4347 1123 4397 baud
1144 4348 1210 4397 laeile
1232 4360 1277 4397 est.
1315 4350 1419 4398 Trium·

361 4404 493 4465 suffragium
513 4406 584 4465 ferre.
603 4410 650 4458 sire
669 4409 801 4475 impetrare.
842 4413 871 4461 la
903 4412 973 4476 mara
993 4410 1073 4459 Fnlsio
1090 4413 1195 4462 tribuunt
1214 4414 1340 4478 Capitolini
1362 4416 1420 4465 Fas-

362 4469 473 4535 Pspir'nns
504 4482 589 4535 nempe
626 4474 711 4524 tribum
745 4476 873 4527 Tuscolsni
903 4476 1183 4545 stasldssmsistbss.

361 4533 773 4604 mapsiplurirnuuinsspoteraar.
807 4544 888 4597 idem.
921 4591 926 4607 ι
