3175 5200
373 362 437 431 aas
615 440 620 447 ,
774 299 1077 427 'narum

209 534 243 585 υ.
254 536 283 587 c.
292 524 348 589 lta.
376 511 387 559 '‘
402 525 513 590 andam
525 521 636 588 militia
655 520 926 609 trucidandamque
941 516 1080 588 hostibus
1093 522 1202 609 objicit
1226 546 1298 591 eam
1311 530 1419 613 procul

208 603 239 653 Μ
250 602 280 654 ⁰·
292 604 347 655 ⁴⁰³·
376 615 387 648 ‘
401 614 474 676 urbe
483 614 588 675 haberi
598 623 688 694 atque
700 612 845 693 ablegari,
855 634 893 674 ne
902 613 1044 697 domiper
1053 613 1150 676 otium
1160 635 1279 678 memor
1292 616 1418 681 liberta·

376 700 387 735 ‘
402 699 703 780 tiscoloniarumque,
718 710 771 761 aut
782 700 847 781 agri
858 700 982 782 publici,
991 701 1187 784 autsuffregii
1197 703 1291 765 libere
1300 702 1416 767 ferendi

374 787 526 867 ‘consilia
537 785 661 867 agitett’
676 788 946 869 “prensantesque
955 798 1126 867 veteranos,
1141 790 1296 872 stipendia
1316 791 1417 874 eujus·

375 892 433 957 que
442 886 474 935 et
483 874 651 936 vulneraac
661 872 818 936 cicatrices
828 876 1049 937 numerabant:
1066 876 1155 957 ‘quid
1155 875 1222 958 jam
1232 877 1417 959 integriesse

374 962 384 995 ‘
400 962 569 1043 incorpore
584 960 699 1024 lociad
708 982 787 1023 nova
802 962 925 1023 vulnera
935 962 1131 1044 accipienda?
1156 964 1229 1045 quid
1243 985 1332 1047 super
1344 986 1416 1027 san·

220 1124 223 1137 Ι
273 1098 276 1103 ,
374 1046 1016 1132 ‘guinis,quidariprorepublieapossetl'
1031 1050 1212 1131 rogitantes.
1237 1050 1415 1133 Hacquum

374 1135 405 1197 in
420 1135 608 1198 sermonibus
623 1135 1052 1220 concionibusqueinterdum
1071 1137 1222 1219 agitantes
1237 1139 1413 1202 avertissent

374 1222 495 1304 plebem
505 1223 544 1285 ab
558 1221 750 1305 suscipiendo
766 1222 856 1300 bello,
872 1221 1022 1303 profertur
1032 1238 1154 1305 tempus
1168 1223 1353 1293 serundae1³⁴⁶
1365 1225 1410 1287 le·

373 1310 435 1391 gis:
452 1330 554 1391 quam,
565 1309 590 1371 si
602 1308 738 1391 subjecta
752 1309 871 1371 invidiae
879 1320 971 1387 esset,
985 1310 1137 1391 antiquari
1152 1312 1325 1393 adparebat.

107 1382 110 1395 '
170 1404 297 1473 paruam
308 1418 361 1454 cum
417 1394 500 1460 LIX.
524 1395 649 1459 Interim
664 1397 801 1459 tribunos
823 1395 953 1457 rnilitum
969 1397 1002 1457 in
1017 1394 1163 1459 Volscum
1182 1418 1288 1480 agrum
1303 1400 1413 1462 ducere

206 1470 303 1521 v⁰¹'⁶¹⁸·
374 1484 541 1549 exercitum
582 1483 708 1567 placuit.
752 1481 810 1545 Cn.
844 1480 1004 1545 Cornelius
1043 1504 1119 1546 unus
1150 1482 1256 1547 Rome
1279 1486 1414 1550 relictus.

198 1600 202 1605 ’
373 1570 449 1635 Tres
475 1569 598 1650 tribuni,
621 1582 782 1655 postquem
811 1570 896 1632 nullo
919 1570 990 1632 loco
1008 1583 1120 1634 eastra
1133 1568 1313 1634 Volscorum
1337 1588 1412 1652 esse,

342 1690 346 1699 -
374 1676 431 1721 nec
447 1658 659 1721 commissuros
680 1678 712 1719 se
729 1657 838 1741 proelio
853 1656 1005 1739 adparuit,
1020 1658 1171 1742 tripartito
1192 1659 1233 1720 ad
1249 1659 1411 1723 devastan-

373 1746 430 1808 dos
468 1744 543 1807 lines
588 1745 760 1807 discessere.
803 1741 943 1806 Valerius
971 1743 1097 1807 Antium
1132 1746 1219 1828 petit,
1252 1744 1410 1809 Comelius

307 1858 312 1873 ,
372 1832 520 1895 Ecetras:
551 1850 740 1915 quacumque
776 1832 934 1910 incessere,
971 1832 1030 1894 late
1060 1832 1195 1915 populati
1229 1843 1299 1894 sunt
1324 1844 1409 1895 tecta

374 1940 532 2003 agrosque,
565 1931 606 1981 ut
636 1919 817 1982 distinerent
835 1916 991 1981 Volscos:
1025 1917 1143 1997 Fabius,
1174 1919 1255 2001 quod
1275 1920 1409 1981 maxime

374 2007 545 2091 petebatur,
571 2005 612 2068 ad
633 2005 741 2068 Anxur
770 2006 1009 2089 obpugnandum
1031 2006 1095 2067 sine
1123 2004 1186 2068 ulla
1208 2005 1407 2089 populatione

372 2094 512 2156 accessit.
541 2092 649 2155 Anxur
673 2094 740 2173 fuit,
757 2114 823 2177 que
837 2115 918 2156 nunc
940 2092 1113 2155 Tarracinae
1138 2107 1224 2172 sunt3
1248 2094 1317 2155 urbs
1336 2115 1408 2177 pro·

371 2202 412 2243 na
431 2182 463 2243 in
478 2179 612 2264 paludes.
634 2181 673 2242 ab
687 2201 724 2243 ea
745 2192 833 2265 parte
851 2180 961 2244 Fabius
981 2181 1240 2264 obpugnationem
1265 2180 1410 2243 ostendit.

371 2267 592 2330 circummissae
608 2279 737 2349 quatuor
758 2269 901 2332 cohortes
926 2287 996 2331 cum
1008 2265 1045 2329 C.
1062 2264 1189 2330 Servilio
1204 2266 1303 2329 Ahala
1317 2286 1411 2348 quum

370 2355 572 2417 inminentem
598 2356 664 2417 urbi
692 2354 802 2418 collem
827 2355 1000 2440 cepissent}
1033 2375 1073 2416 ex
1097 2354 1168 2417 loco
1208 2353 1325 2433 altiore,
1350 2374 1411 2436 qua

370 2442 487 2504 nullum
511 2452 578 2505 erat
607 2442 790 2525 praesidium,
821 2443 937 2526 ingenti
952 2442 1085 2506 clamore
1102 2462 1139 2504 ac
1155 2441 1288 2503 tumultu
1301 2442 1413 2503 moenia

370 2530 515 2591 invasere.
533 2529 572 2591 ad
592 2549 683 2612 quem
698 2530 861 2593 tumultum
882 2528 1097 2613 obstupefacti,
1124 2529 1176 2611 qui
1198 2529 1338 2591 adversus
1354 2526 1412 2590 Fa-

370 2616 454 2680 bium
469 2617 574 2680 urbem
595 2617 730 2680 infimam
745 2619 919 2697 tuebantur,
947 2617 1049 2679 locum
1064 2616 1286 2680 dederescalas
1302 2616 1409 2678 admo·

322 2760 326 2777 ,
368 2705 469 2783 vendi,
496 2705 645 2787 plenaque
668 2704 802 2768 hostium
831 2716 945 2768 cuncta
972 2716 1070 2783 erant,
1095 2707 1122 2750 ⁴⁷
1136 2715 1168 2766 et
1193 2703 1331 2765 inmitis‘i
1354 2703 1409 2765 diu

370 2791 465 2853 cades
476 2792 590 2876 pariter
612 2791 793 2875 fugientium
814 2814 851 2854 ec
878 2791 1082 2855 resistentium
1107 2801 1289 2856 armatorum
1312 2800 1405 2871 atque

369 2878 527 2940 inermium
558 2879 627 2942 fuit.
671 2877 867 2962 Cogebantur
896 2880 999 2960 itaque
1021 2877 1103 2957 vieti,
1125 2877 1197 2959 quia
1228 2876 1405 2938 cedentibus

367 2965 433 3048 spei
455 2965 531 3027 nibil
554 2978 629 3046 erat,
656 2986 790 3049 pugnam
809 2967 907 3028 inire:
939 2982 1031 3046 quum
1061 2963 1326 3048 “pronunciatum
1355 2983 1405 3024 re-

368 3065 472 3136 pente,
487 3073 525 3113 ne
549 3054 615 3135 quis
630 3064 737 3136 prater
753 3063 885 3114 armatos
912 3051 1084 3129 violaretur,
1108 3050 1255 3132 reliquam
1283 3069 1408 3112 omnem

368 3140 595 3203 multitudinem
623 3139 825 3202 voluntariam
856 3139 940 3202 exuit
960 3139 1077 3218 ,amin
1117 3156 1244 3219 quontm
1283 3137 1323 3199 ad
1346 3137 1408 3199 duo

367 3227 463 3290 millia
483 3240 515 3290 et
541 3227 697 3310 quingenti
727 3227 786 3289 vivi
806 3227 989 3309 capiuntur.
1019 3236 1164 3287 scetere
1182 3223 1284 3310 praeda
1298 3222 1408 3286 Fabius

367 3315 495 3378 militem
521 3314 678 3393 abstinuit,
695 3313 793 3378 donec
820 3315 944 3396 collegae
967 3313 1125 3375 venirent:
1148 3311 1265 3373 abillis
1288 3330 1407 3394 quoque

366 3401 550 3462 exercitibus
574 3412 696 3484 captum
721 3401 828 3464 Anxur
850 3402 994 3464 dictitans
1020 3419 1097 3478 esse,
1118 3399 1169 3480 qui
1201 3410 1319 3461 ceteros
1333 3395 1408 3460 Vol·

366 3505 435 3546 scos
467 3487 643 3568 apraesldio
670 3486 734 3570 ejus
772 3489 831 3551 loci
861 3487 1050 3552 avertissent.
1094 3484 1153 3556 Qui
1177 3487 1230 3547 ubi
1253 3497 1408 3564 venerunt,
1511 3517 1516 3523 ·

365 3568 513 3652 oppidum
529 3581 628 3634 vetere
644 3573 765 3637 fortuna
794 3563 973 3660 opulentum
996 3586 1058 3638 tres
1079 3573 1230 3636 exercitus
1250 3571 1406 3655 diripuere.

365 3677 461 3739 eaque
494 3657 625 3742 primurn
665 3661 834 3744 benignitas
879 3663 1096 3746 imperatorum
1125 3659 1245 3742 plebem
1272 3657 1408 3720 Patribus

367 3744 548 3810 conciliavit.
595 3745 755 3811 Additum·
770 3749 882 3813 deinde
912 3748 1048 3812 omnium
1073 3747 1208 3809 maxime
1230 3745 1408 3830 tempestivo

504 3886 621 3954 ¹’ferenda
631 3889 705 3940 Grcn.
716 3890 785 3941 Cres.
936 3889 1267 3941 samantnnatcm.

396 4016 418 4049 ⁴⁵
430 4015 444 4047 ⁸
456 4015 628 4081 Pseruonteqca
644 4015 762 4080 meream]
786 4015 867 4066 Etre-
899 4018 1048 4068 cernentium
1058 4029 1107 4067 tres
1126 4017 1225 4068 Heamii
1243 4014 1407 4065 coddetcm·

364 4091 496 4132 tenueram
505 4099 600 4149 corpore
609 4092 741 4149 prensantes
751 4093 867 4132 ostentm·
899 4099 941 4132 aee
952 4087 1032 4133 nostri.
1049 4083 1124 4146 Vulgo
1135 4094 1156 4134 st
1166 4087 1191 4133 ἐκ
1201 4085 1279 4132 m.

364 4155 453 4244 teszae.
929 4150 953 4183 ⁴⁸
981 4149 1158 4198 Pmounciancn
1186 4141 1406 4211 repente-...tm'ss

433 4211 509 4280 Iagis]
535 4215 574 4264 De
592 4213 713 4264 indicendo
731 4213 868 4265 Veientibus
898 4214 1008 4264 Didituro
1024 4225 1122 4280 repente
1137 4215 1408 4281 pmcneurumquepet

364 4274 440 4324 bello:
457 4295 534 4341 quem,
551 4280 571 4328 ei
586 4283 632 4330 boc
649 4293 751 4346 ternpore
767 4281 869 4331 senaar
899 4275 1412 4346 prmmedummxomnommimperium·

365 4356 437 4404 quum
456 4344 541 4404 lupen
555 4347 638 4410 populo
648 4360 706 4406 erat,
716 4345 781 4412 rejici
799 4363 868 4413 eppe·
899 4361 931 4395 ne
941 4347 993 4410 quis
1009 4359 1093 4411 preter
1103 4360 1202 4396 armatos
1215 4345 1346 4398 rideretur,
1362 4341 1410 4387 '¹¹¹¹-

364 4405 437 4456 rebst.
900 4411 1080 4477 politreliqusrn
1096 4427 1189 4462 omnem
1207 4409 1311 4461 boscium
1328 4405 1412 4454 mulu-

396 4472 419 4510 ⁴⁶1
435 4469 467 4521 Et
476 4475 565 4523 bnmitb
573 4476 614 4523 diu
624 4480 700 4544 cedes]
711 4479 752 4528 Sic
763 4481 872 4530 emendat
903 4478 1017 4538 radicem,
1032 4491 1060 4530 ut
1075 4480 1156 4535 rolens
1167 4490 1192 4532 et
1201 4492 1244 4530 sue
1253 4485 1413 4542 specte-em

363 4537 874 4614 G¹⁰ss⁰ll⁹⁸⁸3MSS·wmplulbm,quibtu
902 4555 1007 4612 pacem·
