3175 5200
525 405 698 472 smum.
716 405 882 470 csexn.
1159 413 1221 471 40

166 563 286 668 ‘rum'
330 562 505 668 Fallaeibps
524 565 620 630 literis
640 563 856 630 cirealstium
877 580 1050 645 corneaque
1070 558 1218 627 Volscum
1230 573 1368 692 {iffi

166 649 1377 821 &⁸”sqrid'as2oeillsm‘liissffqdl‘m

166 820 1375 994 titt¹}lt5ttr‘lalltttltqll‘tltt‘tlrtlrlrturb

167 999 262 1080 prius,
279 1019 369 1081 quam
382 1001 489 1062 castris
505 1000 589 1062 locus
599 1011 767 1082 caperetur,
783 997 910 1060 sarcinis
921 997 1074 1077 utrimque
1084 996 1116 1058 in
1132 1014 1218 1059 acer·

167 1105 242 1146 vum
257 1084 416 1166 conjectis,
438 1097 606 1170 pugnatum
621 1085 866 1167 debellatumque
887 1095 944 1146 est.
971 1083 1051 1146 adeo
1064 1082 1147 1144 enim
1161 1083 1218 1144 ad-

168 1171 241 1232 elae
256 1191 303 1236 res
317 1185 400 1251 sunt,
411 1185 447 1234 ut
456 1173 584 1252 consuli,
597 1173 744 1235 victorem
755 1171 922 1234 exercitum
932 1167 973 1232 ed
988 1168 1218 1252 depopulandos
1230 1181 1320 1229 Rura·
1331 1176 1384 1228 victi

169 1278 376 1340 agressurum
394 1260 530 1338 ducenti,
545 1261 693 1322 dederent
709 1279 743 1320 se
758 1279 865 1321 ornnes
877 1255 991 1334 latini,
1014 1255 1218 1318 deditionem·
1229 1247 1316 1296 ΜΨ*
1326 1259 1361 1293 “·

169 1365 314 1494 titt
329 1342 1220 1515 ltilttltlfllttll·‚abtti‘tt‘lltttt

169 1517 794 1668 lllltllblttllitltilttl
809 1515 1220 1666 Vriil'iffdfflldlil}

146 1741 155 1755 .
170 1709 211 1751 cx
227 1689 392 1754 Privsmati
407 1693 605 1775 complerent,
620 1691 713 1768 data3
728 1625 1020 1766 tejrndein'l'sleruo,
1042 1687 1220 1768 quadranti·

170 1777 228 1837 bus
244 1778 338 1840 etiam
361 1799 417 1862 pro
443 1778 666 1859 longinquitate
689 1775 827 1858 adjectis.
869 1773 968 1836 Extra
989 1793 1114 1857 poenam
1135 1773 1222 1835 iners

168 1859 349 1925 Latinorum
379 1863 547 1926 laurentes
577 1862 864 1949 Campanorumque
893 1861 1021 1943 equites,
1056 1860 1128 1942 quia
1156 1879 1221 1922 non

169 1947 370 2013 desciverant.
414 1949 492 2014 Cum
509 1949 710 2012 Laurentibus
725 1949 863 2012 renovari
878 1948 977 2010 fredus
987 1946 1116 2027 jussum.
1131 1967 1221 2008 reno·

168 2047 316 2117 vetusque
342 2057 381 2098 ex
406 2059 444 2098 eo
471 2037 632 2119 quotannis
658 2047 728 2120 post
750 2036 832 2097 diem
854 2035 1008 2096 decimum
1030 2031 1220 2094 latinarum.

162 2119 333 2203 Equitibus
348 2121 514 2206 Campanis
533 2123 641 2185 civitas
667 2122 761 2188 data:
790 2131 1049 2199 monumentoque
1069 2129 1106 2182 ut
1129 2131 1220 2197 esset,

170 2227 288 2270 aeneam
318 2209 455 2271 tabulam
485 2209 516 2270 ln
546 2209 609 2270 aede
634 2207 769 2270 Castoris
793 2206 899 2268 Roma
921 2205 1063 2267 lixeruut.
1088 2205 1224 2284 vectigal

171 2313 292 2376 quoque
315 2295 358 2355 eis
386 2294 561 2378 Campanus
586 2295 714 2378 populus
735 2292 837 2376 jussus
862 2292 998 2376 pendere
1023 2292 1056 2354 in
1086 2290 1222 2372 singulos

171 2381 334 2462 quotannis
353 2380 449 2460 (farere
464 2393 568 2443 autem
582 2380 665 2443 mille
675 2392 708 2443 et
722 2379 870 2460 sexcenti)
888 2382 915 2419 ⁸⁸
926 2379 1066 2440 denarios
1081 2397 1222 2441 nummos

173 2467 398 2548 quadringenos
413 2469 652 2550 quinquagenos.

216 2551 289 2616 Xll.
313 2551 361 2617 lta
396 2555 478 2618 bello
506 2567 604 2635 gesto,
642 2555 772 2641 praemiis
809 2572 960 2639 poeuaque
989 2572 1045 2637 pro
1075 2551 1222 2636 cujusque

172 2642 284 2703 merito
308 2642 479 2725 persolutis,
504 2641 543 2704 Τ.
563 2640 698 2705 Manlius
713 2642 845 2705 Romam
872 2642 984 2704 rediitr
1012 2640 1061 2702 cui
1086 2638 1221 2703 uenienti

171 2728 305 2789 seniores
339 2724 478 2791 tantum
499 2730 620 2792 obviam
649 2730 746 2791 exisse
777 2740 917 2806 constat3
956 2726 1160 2810 juventutem,
1190 2736 1222 2786 et

173 2825 256 2891 tunc,
281 2826 313 2877 ct
338 2817 421 2877 omni
443 2818 507 2878 vita
528 2816 650 2894 deinde,
677 2830 846 2878 aversatam
867 2836 937 2877 eum
962 2826 1220 2893 exsecratamque.
1324 2821 1328 2827 ’

172 2899 315 2963 Antiates
340 2902 371 2963 in
398 2924 504 2985 agrum
519 2902 704 2982 Ostiensem,
731 2902 908 2980 Ardeatem,
935 2898 1094 2963 Solonium
1118 2900 1220 2961 incur-

172 2988 273 3047 siones
287 2988 432 3051 lecerunt.
477 2988 613 3051 Manlius
628 2990 745 3066 consul,
771 2990 844 3069 quia
867 2990 933 3071 ipss
947 3008 1002 3069 per
1015 2986 1220 3049 valetudinem

173 3072 205 3133 id
227 3071 339 3135 bellum
363 3076 486 3156 exsequi
509 3076 678 3157 nequierat,
703 3076 885 3137 dictatorcm
913 3071 949 3133 la
959 3072 1112 3155 Papirium
1127 3071 1219 3132 Cres·
1233 3074 1261 3149 1⁴,-
1269 3073 1370 3138 Papiria

174 3176 252 3235 aum,
282 3159 333 3239 qui
365 3171 429 3221 turn
458 3161 535 3222 forte
570 3171 636 3221 eret
663 3171 785 3243 praetor,
812 3160 909 3223 dircite
939 3159 978 3219 ab
1007 3178 1046 3219 eo
1075 3158 1221 3239 magister
1232 3140 1335 3188 ΜΝ·

173 3245 309 3324 equitum
335 3243 370 3309 L.
387 3245 522 3329 Papirius
538 3246 649 3308 Cursor
679 3246 787 3309 dictrrs.
831 3244 918 3309 Nihil
944 3244 1140 3306 memorabile
1163 3242 1219 3304 sd-

173 3350 275 3392 versus
290 3329 433 3395 Antiates
447 3333 487 3394 ab
503 3333 653 3395 dictatore
667 3344 788 3415 gestum
811 3342 869 3411 est,
892 3351 985 3412 quum
1001 3328 1233 3411 aliquotam·

173 3438 221 3479 ses
236 3418 347 3493 stativa
362 3418 393 3480 in
416 3440 490 3500 agro
504 3418 623 3483 Antiati
646 3420 811 3483 habuisset.
854 3418 947 3483 Anno
967 3417 1078 3499 insigni
1091 3417 1220 3481 victoria

174 3504 212 3564 de
228 3514 276 3565 tot
290 3525 326 3565 ac
342 3515 406 3566 tam
428 3506 602 3587 potentibus
622 3506 753 3590 populis,
777 3506 818 3568 ad
840 3506 900 3567 boc
922 3504 1080 3567 consulum
1094 3504 1218 3566 alterius

172 3590 267 3652 nobili
294 3602 402 3669 morte,
426 3592 548 3655 alterius
575 3592 654 3655 sicut
676 3592 764 3672 truci,
790 3594 836 3654 ita
860 3592 942 3655 claro
966 3590 1218 3670 admemoriam,

174 3676 312 3760 imperio,
342 3698 514 3741 successere
544 3680 683 3743 consules
711 3678 761 3743 Ti.
783 3676 928 3743 AEmilius
950 3676 1158 3743 Mamercinus
1186 3690 1220 3741 et
1230 3687 1264 3736 11.
1275 3685 1305 3734 c.
1313 3688 1370 3735 ets.

174 3762 213 3834 Q.
229 3763 373 3827 Publilius
398 3764 507 3845 Philo3
535 3786 633 3849 neque
659 3766 690 3829 in
716 3766 847 3829 similem
871 3766 1031 3827 materiam
1054 3785 1165 3842 renim,
1187 3752 1386 3877 etssffifss'

1234 3882 1373 3937 Qrutfflio

204 3971 227 4007 ⁸⁴
243 3972 465 4038 ltcntdodraatcra]
484 3972 683 4022 Trsaexlatinc
713 3976 761 4023 huc
772 3974 879 4023 denarius
889 3970 970 4019 Rome
980 3970 1081 4032 danatus
1090 3981 1149 4018 erat.
1176 3951 1299 4017 Sede*

173 4052 226 4099 agro
236 4040 379 4101 quadrantes,
395 4056 454 4087 unua
472 4056 501 4089 sa
513 4040 636 4087 Privernati
648 4041 682 4087 di·
713 4042 743 4089 ds
755 4039 878 4104 Campania
886 4037 926 4085 hic
936 4038 1019 4097 agitur,
1034 4037 1095 4100 apud
1104 4050 1162 4099 quoa
1173 4033 1221 4086 for·

172 4104 232 4151 risus
247 4116 297 4165 sst3
319 4106 351 4153 isa
371 4116 396 4153 us
414 4120 442 4153 sa
460 4116 558 4169 quatuor
574 4104 681 4169 jugerum
714 4117 773 4155 sasas
793 4105 842 4169 jam
863 4117 915 4151 tum
933 4103 1039 4150 denarius
1060 4102 1084 4149 in
1102 4117 1146 4149 usu
1163 4112 1221 4149 ent.

173 4170 280 4226 millibus,
289 4186 312 4219 v.
321 4188 343 4231 g.
353 4182 391 4219 rer
402 4171 464 4219 mille
477 4186 505 4220 sa
517 4170 608 4233 Latino,
617 4171 680 4219 mille
712 4172 811 4220 Etvsro
826 4170 906 4234 qurlsa
921 4168 1075 4227 intelligamus
1089 4167 1160 4214 fuisse
1178 4168 1222 4214 bos

174 4248 204 4281 aa
215 4233 339 4284 Privernsti
349 4238 403 4285 dats
412 4236 507 4285 fuerint.
712 4253 809 4285 nummos
828 4236 860 4283 sic
877 4234 939 4283 aude
958 4232 1099 4297 appellares?
1122 4230 1223 4279 Utamur

204 4298 350 4349 ”Dourion
368 4300 476 4367 suarm]
504 4302 552 4349 Jos.
570 4300 679 4365 Scaliger,
712 4300 987 4362 ergcuulgatalsctioas,
1002 4308 1026 4345 et
1043 4298 1229 4361 interpretemur,

172 4361 684 4431 Disserere.dersnurnmarieAntiqusrum‚
714 4368 820 4414 denarios
843 4367 985 4427 Campanoar
1015 4378 1111 4425 qaorum
1139 4372 1220 4411 nmen

172 4436 254 4477 sanast
272 4428 302 4476 sb
319 4432 417 4479 deam
432 4433 555 4482 abundare.
596 4430 681 4495 Neque
712 4432 813 4495 pretium
831 4442 854 4481 st
871 4432 960 4497 pcudm
978 4428 1072 4478 definis
1093 4442 1219 4479 menna·

172 4494 235 4541 enirn
246 4493 323 4540 Livius
335 4496 449 4543 amrin.
460 4512 582 4557 nummum,
591 4498 631 4544 aed
641 4498 680 4545 da·
712 4511 772 4552 mnu.

170 4560 261 4609 nodum
270 4570 361 4611 natum
372 4575 453 4611 roeare
464 4561 523 4612 solet
533 4579 540 4611 z
551 4576 627 4627 nemra
638 4563 679 4611 ad·
