3175 5200
452 349 545 452 vrrs
563 375 616 452 nr
636 377 826 454 aternani
845 377 944 454 ania.
1051 385 1054 388 ’
1142 397 1225 455 :siu

185 535 370 616 delectare
385 550 425 616 et
434 541 590 618 edocere·
604 545 802 642 cupiebat?
821 553 858 619 et
871 545 1046 643 quianon
1061 543 1223 620 adhunc

184 637 298 712 finem
315 641 446 738 exigat
469 644 623 716 annales
641 643 748 739 ejus?
784 643 884 736 Quid
901 668 990 717 vero
1013 669 1134 718 cauare
1152 655 1223 736 est,

183 759 251 810 cur
276 759 298 810 a
323 742 431 813 nobis
457 742 582 814 minor
611 742 782 860 voluptas
817 742 1033 839 utilitasque
1062 757 1108 816 ex
1140 745 1222 842 ejus

182 835 417 934 aliorumque
442 839 607 926 historiis
631 839 795 937 antiquis
811 841 1044 939 percipiatur,
1063 859 1175 938 quam
1201 867 1224 915 a

181 937 424 1032 popularibus
451 953 580 1012 eorum
611 947 720 1036 capta
749 940 834 1014 esti
869 939 905 1011 A
926 942 1054 1036 pau‘cis
1077 941 1150 1013 illa
1176 950 1223 1014 ro

182 1035 296 1108 modo
313 1051 356 1109 ac
382 1037 458 1110 line
475 1039 666 1134 leguntur,
694 1058 770 1133 quo
788 1047 828 1112 'et
855 1038 1027 1112 solebant
1044 1039 1132 1111 olim
1145 1039 1223 1134 legi

181 1141 220 1205 et
234 1132 433 1209 debebant.
485 1137 620 1229 Longo
636 1137 739 1208 enim
760 1137 910 1234 plurimi
928 1145 991 1210 'cas
1016 1146 1091 1210 non
1108 1136 1156 1208 ad
1171 1136 1225 1208 ri-

179 1239 258 1304 tum
276 1231 512 1307 formandam
538 1234 719 1322 referunt,
738 1235 804 1308 sed
829 1235 876 1307 ad
893 1233 1125 1329 antiquitatis
1142 1243 1225 1308 tan-

180 1335 263 1402 tum
280 1332 454 1406 notitiam
473 1343 511 1405 et
537 1332 798 1406 benedicendi
826 1332 1089 1427 scribendique
1107 1332 1224 1405 facul-

179 1433 312 1520 tatem,
331 1430 420 1521 sire,
437 1439 480 1504 ut
501 1430 622 1503 dicere
649 1426 783 1521 soient,
808 1431 948 1505 stilum.
1002 1430 1086 1503 Alia
1108 1431 1222 1504 'etiarn

180 1521 295 1601 hodie
317 1539 374 1602 rst
395 1531 489 1618 vitre,
521 1527 729 1601 studitarum
755 1529 1089 1624 institutorumque
1115 1529 1220 1617 ratio,

182 1643 295 1720 quam
312 1627 400 1700 oiim
418 1626 497 1701 fuit.
526 1637 650 1721 neque
668 1635 734 1702 aut
758 1627 956 1724 finguntur
971 1626 1130 1726 amplius
1157 1633 1222 1702 out

179 1723 438 1799 desiderantur
455 1732 623 1800 oratores
651 1727 839 1800 veteribus
857 1725 1010 1816 similes,
1037 1727 1108 1799 nisi
1123 1727 1221 1801 forte

177 1821 278 1918 apud
296 1822 508 1913 Britannos,
531 1821 597 1897 sed
614 1841 710 1899 verae
726 1840 858 1899 eurum
876 1823 1102 1921 eloquentiae
1121 1826 1221 1923 jarn-

177 1919 320 1994 dudum
338 1920 518 1998 successit
535 1922 655 2010 ubivis
672 1924 880 1999 umbratica
896 1933 935 1998 et
952 1933 1066 2011 sacra,
1081 1936 1128 1997 cir
1145 1936 1222 2022 qun

177 2017 242 2092 iila
268 2043 290 2094 e
307 2021 388 2095 foro
406 2033 444 2096 et
460 2021 563 2096 curia
579 2021 616 2093 iu
644 2023 858 2097 scholarum
874 2024 1046 2096 umbram
1064 2035 1222 2120 sugges-

175 2127 336 2215 tumque
359 2120 654 2196 eeclesia‘sticum
673 2123 841 2218 relegata
870 2129 937 2195 est.
989 2121 1098 2194 Alius
1116 2121 1221 2194 drui-

176 2239 250 2310 que
261 2220 462 2315 estgerilus
473 2221 522 2294 hu
541 2241 582 2290 us
594 2221 818 2316 saeculi,quo
827 2220 1075 2315 ingenuarum
1085 2219 1222 2292 artium

176 2315 491 2413 antiquarumque
532 2317 711 2392 iturarum
728 2326 942 2392 contemtus
958 2317 999 2389 in
1021 2317 1101 2391 dies
1116 2317 1221 2389 invn-

176 2411 299 2502 leseit‚
317 2425 356 2488 et
372 2417 495 2490 omnis
521 2437 629 2514 paene
645 2416 888 2491 humanitatis
912 2429 1042 2489 sensus
1060 2415 1218 2489 exuitur.

178 2507 253 2586 seu
270 2513 331 2586 c'ui
348 2535 423 2587 non
442 2515 566 2590 diotus
583 2512 727 2617 Hylas?

480 2838 484 2849 ¹
773 2834 777 2841 ¹
887 2837 891 2845 ι

596 3108 727 3159 suerio
754 3106 806 3157 lv.

187 3264 191 3274 '
231 3256 277 3316 De
290 3256 385 3316 indole
398 3256 534 3317 interiori
548 3256 673 3315 lisiorioe
688 3256 828 3325 Livianae,
846 3243 876 3310 el
888 3250 1005 3330 quidem
1021 3255 1042 3307 i.
1056 3228 1092 3304 de
1106 3246 1169 3321 ejus

514 3332 674 3392 virtutibus
684 3330 887 3408 fontibusque.

188 3544 192 3551 ·
229 3494 353 3586 ‘Quis
379 3493 512 3583 nescit,
531 3492 691 3590 primam
718 3512 800 3564 esse
825 3485 988 3562 historiar
1015 3485 1153 3581 legem,
1170 3491 1219 3554 ne'

175 3602 191 3667 ‘.
205 3596 296 3691 quid
311 3592 393 3667 fulsi
411 3592 534 3667 dicere
549 3590 704 3665 audeat?
731 3588 866 3663 deinde
878 3612 927 3661 ne
945 3582 1037 3681 quid
1050 3582 1125 3657 veri
1138 3600 1219 3654 nnn

175 3701 187 3736 ‘
205 3693 362 3767 audeat?
389 3716 437 3767 ne
454 3714 528 3787 qua
545 3689 708 3787 suspicio
725 3687 853 3790 gratiae
879 3687 927 3759 sit
942 3686 981 3757 in
998 3677 1217 3757 scribendo?

175 3800 191 3871 ⁶,
204 3818 252 3867 ne
267 3816 342 3889 qua
355 3791 556 3865 simultatis
570 3790 584 3863 l
609 3790 703 3862 Haec
717 3786 862 3861 seilicet
873 3782 1117 3858 ilrndamenta
1128 3787 1219 3891 nqta

177 3900 296 3967 ‘sunt
325 3891 510 3965 omnibus.
562 3890 651 3985 Ipsa
675 3897 808 3967 autem,
830 3877 1072 3957 exredisreatio
1098 3881 1220 3975 posrta

175 3999 187 4033 ‘
205 3999 264 4065 est
280 3990 320 4063 in
332 3992 444 4065 rebus
458 3998 497 4062 et
512 3986 648 4062 verbis.
675 3988 818 4059 Rerum
831 3981 928 4055 ratio
940 3977 1112 4053 ordinem
1122 3983 1218 4048 tem·
1316 4016 1321 4025 -

176 4098 187 4131 ‘
205 4111 340 4187 porum
358 4086 554 4177 desiderat,
572 4085 768 4182 regionum
792 4079 1080 4175 descriptionem
1092 4102 1117 4190 ε.
1136 4071 1218 4145 vult

176 4184 192 4229 ‘'
206 4188 331 4277 edam,
362 4186 541 4284 quoniam
571 4186 609 4258 in
644 4184 755 4257 rebus
785 4177 935 4277 magnis
962 4193 1217 4266 memoriaque
1312 4229 1320 4243 .

174 4294 186 4331 ‘
203 4286 328 4384 dignis
345 4284 498 4359 consilia
510 4284 686 4383 primum,
704 4278 840 4355 deinde
853 4281 948 4365 acta,
963 4282 1092 4372 postea
1104 4286 1216 4346 eveu-

174 4392 263 4460 ‘tus
288 4391 563 4481 exspectantur,
579 4394 619 4460 et
639 4382 686 4457 de
707 4372 871 4455 consiliis
890 4360 1098 4471 significari,
1124 4358 1215 4465 quid

669 4508 722 4567 bs
