3175 5200
195 516 228 565 U.
238 514 266 565 C.
277 519 334 569 2⁹5.

193 584 225 631 n.
237 580 265 633 C·
275 582 331 635 ⁴57.

364 370 421 431 176
768 361 856 423 ‘rm
872 360 974 423 1.1v11

362 516 398 583 1..
411 516 566 583 Cornelius
588 515 828 599 Maluginensis.
857 517 970 581 Cenem
993 528 1078 580 actus
1097 539 1135 581 eo
1154 536 1246 581 anno.
1272 517 1397 582 lintrum

364 619 486 690 propter
508 605 692 690 Capitolium
712 618 847 689 captum,
872 607 1025 669 consulem
1047 606 1191 684 occisum,
1215 606 1306 687 condi
1328 606 1409 668 reli·‘

364 694 481 776 giosum
520 694 585 755 nit.
616 692 654 762 Q.
675 688 780 769 Fabio,
809 690 845 753 L.
871 692 1012 754 Cornelio
1038 692 1220 769 consulibus,
1250 693 1398 775 principio

364 781 435 843 anni
465 780 569 842 statim
591 800 639 839 res
673 779 859 841 turbulenta.
901 778 1091 862 instigabant
1122 779 1243 861 plebem
1273 780 1409 858 tribuni,

363 867 475 929 bellurn
502 866 609 946 ingens
635 886 654 925 a
675 862 794 925 Volscis
824 876 856 928 et
878 863 987 947 AEquis
1025 863 1126 928 latini
1151 878 1243 948 atque
1271 865 1397 929 Hemici

363 951 558 1015 nunciabant.
578 949 645 1033 jam
666 950 752 1013 Antii
772 949 952 1015 Volscomm
981 952 1113 1033 legiones
1135 974 1221 1015 esser
1245 965 1278 1016 et
1301 954 1398 1036 ipsam

362 1038 513 1101 coloniam
550 1038 656 1119 ingens
679 1049 776 1101 metus
810 1051 875 1101 erat
905 1040 1102 1101 defecturam.
1134 1060 1271 1122 aegreque
1293 1041 1396 1121 ,inpe-

363 1135 518 1187 tratuma
550 1125 687 1203 tribunis,
721 1136 755 1187 ut
765 1128 791 1165 ⁹⁴
805 1124 915 1187 bellum
953 1126 1089 1207 praeuerti
1125 1127 1269 1190 sinerent.
1313 1124 1396 1187 Con-

246 1230 250 1238 ·
362 1212 440 1273 sules
462 1212 533 1275 inde
559 1211 664 1294 partiti
692 1211 870 1293 provincias.
913 1210 1018 1290 Fabio,
1039 1225 1075 1274 ut
1099 1210 1226 1275 Antium
1259 1212 1395 1294 legiones

364 1298 498 1377 duceret,
522 1296 649 1361 datum:
688 1297 840 1375 comalio,
861 1310 896 1361 ut
919 1296 1024 1359 Romae
1052 1298 1190 1379 prasidio
1222 1311 1323 1375 esset3
1355 1319 1395 1360 ne

363 1406 423 1467 qua
437 1406 507 1467 pars
519 1385 673 1462 bostium,
693 1385 744 1465 qui
759 1383 868 1465 AEqnis
890 1404 957 1445 mos
979 1394 1056 1461 erat,
1072 1384 1112 1445 ad
1126 1384 1333 1466 populandum
1345 1405 1397 1445 ve-

362 1473 453 1533 niret.
478 1469 603 1533 Hernici
624 1482 656 1535 et
669 1469 767 1533 Latini
788 1469 865 1553 jussi
886 1470 1002 1532 milites
1016 1470 1149 1533 dareex
1164 1470 1297 1531 foedere:
1321 1470 1412 1531 duae-'

199 1559 421 1640 assumensque
446 1570 548 1641 partes
568 1557 717 1621 sociorum
736 1558 767 1619 in
792 1558 936 1635 exercitu,
961 1558 1052 1619 tertia
1066 1557 1178 1619 civium
1203 1555 1270 1618 luit.
1313 1554 1399 1618 Post·

195 1626 292 1675 Volscis.

199 2686 333 2735 Vincuntur

200 2752 287 2802 Volsci.

363 1664 454 1729 quam
469 1644 509 1706 ad
526 1644 607 1707 diem
622 1644 823 1725 prestiturum
845 1656 992 1707 venerunt
1006 1644 1092 1722 socii,
1112 1642 1216 1704 consul
1231 1654 1318 1705 extra
1329 1663 1401 1723 por·

363 1744 428 1795 tam
444 1730 599 1814 Capenam
614 1741 715 1793 castra
737 1731 829 1795 locat.
848 1731 929 1810 inde,
952 1729 1082 1793 lustratu
1104 1729 1249 1806 exercitu,
1274 1728 1400 1791 Antium

363 1819 526 1903 profectus,
546 1818 628 1879 baud
651 1817 756 1900 procul
771 1817 885 1901 oppido
906 1818 1085 1898 stativisque
1101 1816 1233 1878 hostiurn
1253 1815 1400 1877 consedit.

365 1904 427 1969 Ubi
452 1926 543 1986 quum
554 1900 668 1983 Volsci,
695 1904 766 1986 quia
784 1904 919 1967 nondam
948 1901 1107 1984 abAEqnis
1124 1903 1253 1964 venisset
1280 1902 1411 1963 merci--

363 2003 424 2071 tus,
440 1991 582 2053 dimicare
597 2012 658 2054 non
684 1991 758 2068 ausi,
783 1989 1040 2071 quemadmodum
1062 1989 1156 2071 quieti
1169 1988 1249 2050 vallo
1271 2009 1303 2049 ae
1318 2000 1399 2050 tuta·

364 2090 476 2156 rentur,
497 2090 659 2161 pararent3
684 2088 807 2161 postero
822 2078 872 2157 die
885 2075 1007 2155 Fabius,
1026 2097 1089 2139 non
1112 2076 1293 2158 permixtam
1306 2094 1397 2135 unam

365 2166 514 2227 sociorum
530 2228 533 2233 ,
548 2164 726 2246 civiumque,
761 2165 815 2227 sed
843 2163 936 2227 trium
955 2162 1135 2246 populonrm
1156 2173 1216 2224 tres
1237 2161 1399 2244 separatim

365 2253 445 2315 acies
466 2252 547 2313 circa
557 2250 669 2313 vallum
691 2248 825 2313 hostium
845 2250 998 2313 instruxit.
1042 2247 1112 2332 lpse
1125 2247 1320 2315 eratmedius
1332 2267 1412 2309 cnm·

365 2338 532 2421 legionibus
558 2338 717 2401 Romanis.
750 2338 821 2400 inde
843 2338 964 2419 signum
992 2338 1149 2399 observare
1172 2332 1273 2416 jussit,
1295 2345 1330 2395 ut
1350 2354 1404 2414 pa-

365 2426 437 2487 riter
453 2437 485 2488 et
499 2425 573 2485 socii
594 2446 657 2487 rem
672 2424 851 2507 inciperent,
864 2423 1068 2510 referrentque
1083 2422 1205 2505 pedem,
1225 2420 1251 2483 si
1272 2420 1404 2503 receptui

368 2512 537 2573 cecinisset.
556 2513 671 2593 equites
693 2511 768 2574 item
782 2516 809 2551 ⁹⁵
822 2532 882 2573 sue
907 2511 1013 2592 cuique
1032 2509 1113 2592 parti
1128 2512 1154 2549 ⁹⁶
1169 2520 1240 2591 post
1258 2507 1406 2590 principia

369 2598 519 2662 conlocat.
571 2596 620 2662 Ita
647 2597 794 2662 trifariam
824 2597 948 2669 adortus
977 2610 1077 2660 castra
1109 2594 1324 2658 circumvenit:
1363 2607 1405 2671 et,

369 2705 462 2767 quum
483 2686 615 2767 undique
644 2685 782 2764 instaret,
819 2706 881 2748 non
913 2685 1095 2747 sustinentes
1117 2683 1255 2766 inpetum
1277 2677 1404 2742 Volscos

369 2771 448 2835 vallo
462 2771 613 2834 deturbat.
656 2771 871 2855 Transgressus
892 2770 1173 2847 indemunitiones,
1184 2767 1326 2851 pavidam
1341 2779 1406 2830 tur·

302 2865 304 2869 ’
370 2861 441 2922 bam
460 2858 697 2940 inclinatamque
719 2860 750 2922 in
775 2871 895 2943 partem
917 2879 1009 2920 unam
1029 2857 1134 2919 castris
1155 2854 1288 2937 expellit.
1331 2851 1426 2914 lnde'

370 2945 462 3008 effuse
478 2945 627 3026 fugientes
641 2951 741 3027 eques',
769 2946 818 3008 cui
832 2966 973 3028 superare
985 2943 1096 3030 vallum
1124 2941 1205 3004 haud
1228 2939 1316 3002 facile
1340 2939 1407 3001 sue·

370 3045 429 3113 rat,
450 3051 542 3114 qutun
567 3033 607 3096 ad
626 3033 658 3094 id
677 3045 831 3116 spectator
856 3053 964 3116 pugnae
983 3031 1160 3106 adstitisset,
1181 3027 1275 3089 libero
1297 3046 1407 3108 campo

371 3121 510 3201 adeptus,
537 3131 623 3202 parte
648 3119 780 3184 victorie
805 3119 1067 3197 animarentur
1092 3113 1239 3178 cedendo.
1291 3109 1409 3194 Magna

372 3219 404 3269 et
424 3207 455 3268 in
471 3207 577 3270 castris
592 3218 624 3269 et
639 3219 726 3270 extra
740 3206 929 3270 munimenta
946 3205 1042 3268 credes
1055 3202 1236 3284 fugientium
1253 3200 1331 3262 fuit:
1355 3199 1416 3260 sed

372 3295 474 3377 praeda
502 3291 599 3376 major
611 3317 621 3371 3
642 3295 713 3376 quia
731 3294 782 3356 vix
806 3315 891 3356 arma
926 3313 1029 3354 secum
1051 3289 1156 3352 efferre
1178 3287 1274 3351 hostis
1297 3286 1406 3369 potuit.

374 3381 548 3463 deletusque
561 3381 710 3444 exercitus
722 3379 812 3460 soret,
824 3382 856 3444 ni
871 3380 1021 3461 fugientes
1034 3377 1114 3439 silve
1125 3375 1282 3438 texissent.

117 3539 123 3560 x
201 3499 251 3547 A„
260 3495 350 3544 Tum.
415 3465 535 3528 XXlll.
557 3467 638 3530 Dum
668 3468 708 3530 ad
729 3467 857 3531 Antium
882 3467 947 3529 lraec
974 3476 1130 3546 geruntur,
1162 3462 1283 3524 interim
1304 3456 1416 3541 AEqui,

200 3561 291 3612 lumab
375 3555 480 3616 robore
510 3552 643 3633 juveritis
689 3555 852 3638 premisso,
897 3573 997 3616 arcem
1020 3549 1224 3612 lbsculanam
1259 3547 1410 3628 inproviso

202 3627 466 3704 AEqli¹⁰³¹’“·nocto
486 3639 632 3721 capiunt:
657 3641 772 3722 reliquo
786 3639 920 3703 exercitu
946 3638 1028 3700 haud
1054 3635 1159 3720 procul
1171 3629 1410 3698 moenibus‘lbs·

374 3727 433 3791 culi
454 3725 626 3806 considunt,
652 3739 688 3792 ut
700 3727 910 3791 distenderent
929 3725 1062 3788 hostium
1085 3723 1200 3806 copias.
1243 3717 1316 3782 Hac
1331 3716 1411 3778 cele·

373 3817 447 3879 riter
460 3813 603 3893 Romam,
629 3815 667 3876 ab
691 3813 790 3877 Roma
816 3815 848 3875 in
871 3825 972 3876 castra
985 3811 1113 3874 Antium
1138 3809 1267 3891 perlata,
1287 3811 1411 3867 movent

372 3903 527 3969 Romanos
550 3901 633 3964 haud
656 3923 753 3981 secus,
774 3921 870 3982 quam
893 3900 918 3962 si
932 3897 1119 3983 Capitolium
1133 3905 1259 3978 captum
1286 3891 1412 3956 nuncia·

401 4062 423 4098 ⁹⁴
440 4057 528 4138 Bellnm
546 4057 658 4138 proeumr]
678 4073 681 4082 ¹
696 4057 758 4108 Belli
777 4059 877 4122 priorem
908 4057 983 4134 arbore
991 4071 1064 4118 pona
1096 4051 1248 4130 Andieeqrps
1258 4050 1416 4123 huncquoque

371 4141 448 4174 ruram
459 4141 515 4188 gen,
528 4142 595 4189 quam
605 4126 670 4188 legis.
908 4134 986 4170 utnon
997 4136 1047 4170 esse
1057 4137 1063 4166 r
1074 4132 1099 4168 et
1110 4118 1168 4183 apud
1180 4117 1270 4164 errum
1277 4113 1323 4190 legs
1330 4111 1416 4188 debere

403 4191 425 4227 ⁹⁵
440 4190 652 4254 Snoecstiquepartr]
672 4187 762 4238 Planius
772 4187 878 4236 loretvel
907 4187 1072 4262 mmsl‘ff
1094 4187 1211 4248 quibusque
1228 4187 1291 4244 gub
1309 4186 1417 4233 Mus·

371 4255 875 4371 pemqqqpshpprr,itiqrmsuqiepdqq:m
906 4249 1115 4362 apqusguua,
1133 4265 1174 4298 Μ
1188 4260 1272 4310 W
1285 4241 1324 4304 ’φ
1342 4242 1418 4290 ‘m

371 4335 504 4446 durmin,
521 4384 539 4435 l.
550 4339 613 4436 illitu.
631 4340 652 4437 d.
665 4358 704 4438 1'7.
715 4386 880 4436 unumne
904 4333 964 4418 ΜΨ
972 4379 1024 4429 Post
1032 4378 1154 4444 principio]
1167 4377 1222 4427 Post
1229 4371 1418 4441 planipedem,

372 4449 450 4510 ΜΨ
474 4452 537 4512 genti
561 4455 665 4512 mimis,-
691 4463 765 4502 xxvi.
792 4453 837 4512 293
855 4459 880 4497 et
912 4458 1021 4510 quaerore
1038 4463 1067 4494 ex
1082 4446 1197 4510 peditibus
1215 4452 1274 4492 erat.
1307 4438 1419 4488 &mdccc

372 4513 436 4580 Vim
454 4513 504 4574 Ed.
527 4525 573 4570 Vll·
593 4531 616 4572 Vr
633 4519 674 4570 5⁴·
689 4532 730 4568 Μ
746 4513 881 4582 Wfflb
911 4511 1054 4568 mmm
1063 4509 1310 4578 mmmmwplsslr
1322 4505 1363 4560 65⁸
