3175 5200
509 374 587 435 LIB.
597 372 650 441 IV.
670 372 752 443 CAP-
765 371 875 438 bVlII.
1158 376 1220 444 ⁸8!

221 526 331 601 LVIII.
353 526 400 596 no
414 548 506 608 anno,
531 528 604 613 quia
625 531 780 613 ”tempus
799 526 987 599 induciarum
1005 515 1077 598 eum
1094 522 1217 601 Veiertl
1231 540 1263 592 u
1277 546 1371 601 cate.

178 618 292 702 populo
315 618 440 697 exierat,
462 638 516 702 per
542 618 660 700 legatos
696 615 878 697 fecialeequc
903 636 950 677 res
981 615 1078 700 repeti
1099 608 1383 701 repentem-

179 706 285 787 quibus
314 706 503 771 venientibus
528 708 553 745 ⁴¹
566 706 604 769 ad
631 703 723 769 finem
751 703 867 787 legatio
894 699 1069 770 Veientium
1097 704 1217 767 obviarn
1302 747 1305 750 -

178 792 246 855 suit.
290 792 417 871 Periere,
431 814 470 855 ne
484 792 578 876 prius,
600 812 691 875 quern
711 790 770 874 ipsi
790 796 929 854 secutum
944 788 1115 856 Romanurn
1136 792 1216 855 adis·

178 892 257 959 sent,
285 877 378 943 Veios
398 880 498 943 iretur.
542 880 591 943 Ab
620 890 728 941 senatu
753 878 950 962 inpetratum,
969 877 1041 959 quia
1066 877 1218 941 discordia

179 967 324 1041 intestina
349 966 521 1031 laborarent
541 964 698 1045 Veientes,
731 986 770 1027 ne
794 987 841 1028 res
865 965 905 1035 ab
935 964 972 1026 iis
1001 975 1218 1045 repeterentur.

179 1064 298 1119 tantum
321 1053 407 1132 oluit,
429 1054 464 1117 u‘t
489 1075 528 1119 ex
548 1052 743 1117 incommodo
766 1051 940 1115 alienosne
959 1051 1082 1113 occario
1100 1064 1219 1133 petere·
1327 1118 1330 1123 ,

179 1152 237 1205 tur.
277 1139 319 1203 Et
344 1141 376 1203 in
391 1139 511 1206 Volscis
527 1152 654 1225 accepta
678 1140 790 1218 clades,
809 1139 921 1203 amisso
951 1135 1119 1220 Verrugine
1141 1160 1220 1221 prze-
1231 1142 1369 1203 Amimm'

178 1227 265 1291 sidio.
285 1229 337 1292 ubi
353 1240 473 1291 tantum
494 1229 525 1291 in
540 1240 678 1310 tempore
693 1226 750 1289 fuit
770 1226 931 1303 momenti,
953 1237 1001 1305 ut,
1025 1245 1120 1307 quum
1149 1246 1219 1309 pre·
1233 1217 1361 1298 Verrpgine

179 1314 318 1380 cantibus
342 1334 432 1395 opem
457 1314 614 1393 militibus,
637 1315 688 1396 qui
718 1314 759 1377 ibi
791 1335 811 1377 a
845 1311 965 1375 Volscis
991 1286 1369 1393 obsidebantur,¹³¹⁸¹⁶¹“””

179 1404 323 1478 succurri,
341 1403 367 1463 si
383 1414 568 1465 maturatum
582 1414 672 1479 esset,
694 1401 856 1483 potuisset,
867 1399 907 1462 ad
921 1400 954 1463 id
968 1399 1085 1467 venerit
1103 1401 1220 1462 exerci-
1344 1441 1348 1448 »
1440 1435 1443 1444 =

180 1500 230 1551 tus
255 1488 390 1553 subsidio
410 1489 528 1567 missus,
552 1500 586 1550 ut
615 1489 654 1551 ab
672 1488 789 1551 recenti
816 1487 898 1550 crede
916 1487 1011 1570 palati
1026 1487 1066 1549 ed
1081 1486 1220 1570 predari·

182 1574 253 1637 dum
271 1576 372 1641 hostes
387 1576 636 1660 obprimerentur.
675 1572 844 1641 Tarditatir
863 1594 970 1643 caussa
987 1574 1019 1635 in
1033 1585 1141 1641 senatu
1155 1594 1222 1637 ma-

180 1662 226 1743 gis
253 1660 321 1741 fuit,
352 1683 442 1745 quarn
468 1664 498 1725 in
523 1662 677 1727 tribunisr
700 1662 804 1743 Μαί,
824 1662 896 1743 quia
917 1661 1079 1728 summavi
1105 1673 1220 1728 recture

180 1750 413 1829 nunciabantur,
439 1770 546 1833 parum
584 1750 805 1831 cogitaverunt,
837 1748 922 1812 nulla
944 1750 1055 1814 virmte
1088 1749 1222 1831 superari

180 1835 381 1901 humanorum
406 1836 514 1902 virium
540 1837 676 1901 modum.
719 1834 889 1901 Fortissimi
904 1836 1016 1899 milites
1030 1856 1092 1899 uon
1108 1847 1223 1915 tamen,
1276 1845 1290 1871 ·“

179 1942 236 1984 nec
250 1924 319 2001 vivi,
335 1944 391 1989 nec
414 1936 484 2007 post
505 1936 647 2003 mortem,
676 1923 765 1990 inulti
793 1922 886 1990 luere.
931 1920 1106 2005 Insequenti
1131 1942 1223 2001 anno,

180 2007 214 2070 P.
229 2022 261 2073 et
275 2009 333 2072 Cn.
356 2009 504 2077 Corneliis
528 2009 642 2090 Cossis,
669 2009 709 2081 N.
736 2008 831 2073 Fabio
853 2009 1016 2089 Ambusto,
1050 2007 1086 2076 la.
1100 2006 1267 2091 Valetiou⁸
1280 2042 1375 2093 0349,

181 2092 294 2175 Potito,
315 2098 444 2164 tribunis
459 2098 590 2163 militum
610 2097 762 2161 consulari
785 2109 951 2179 potestate,
970 2094 1083 2159 Veiens
1108 2095 1223 2169 bellurn
1235 2110 1266 2156 Α.
1278 2108 1373 2158 cmo.

180 2194 299 2245 motum
314 2186 354 2247 ob
369 2186 532 2267 superbum
555 2204 732 2269 responsum
746 2181 885 2247 Veientis
908 2197 1031 2252 senatus
1039 2206 1051 2263 3
1073 2183 1124 2265 qui
1140 2182 1223 2266 lega·
1236 2173 1261 2222 Ρ·
1272 2185 1297 2224 er
1308 2174 1354 2251 ⁰9·

180 2270 221 2335 tis
237 2272 442 2353 repetentibus
463 2292 520 2351 res,
546 2273 578 2340 ni
599 2271 784 2343 facesserent
798 2292 928 2355 propere
945 2272 1020 2337 urbe
1042 2270 1223 2353 finibusque,
1235 2239 1390 2355 {gssffl

181 2355 315 2435 daturos,
341 2359 423 2441 quod
451 2356 525 2421 lars
546 2357 725 2425 Tolumnius
747 2358 892 2438 dedisset,
913 2358 1088 2443 responderi
1119 2356 1223 2441 jussit.

180 2440 218 2505 ld
233 2441 336 2507 Patres
351 2466 429 2527 aegre
444 2446 524 2530 passi
541 2446 710 2525 decrevere,
740 2458 774 2509 ut
790 2446 903 2509 tribuni
920 2446 1053 2511 rnilitum
1077 2444 1225 2507 debello

180 2528 345 2593 indicendo
356 2530 535 2606 Veientibus
550 2533 651 2617 primo
673 2553 791 2616 quoque
807 2532 858 2595 die
877 2532 917 2601 ad
938 2532 1084 2616 populoru
1099 2529 1223 2601 ferrent.
1235 2553 1366 2607 nm„

180 2615 271 2688 Quod
279 2619 330 2682 ubi
339 2620 438 2701 primo
447 2618 673 2703 promulgatum
683 2632 740 2698 eat,
751 2620 879 2682 fremere
890 2619 1045 2702 juventus,
1060 2615 1223 2682 ‘Nondum
1235 2635 1328 2702 .⁸‘¹¹.¹¹¹¹¹
1339 2626 1368 2672 de

182 2702 391 2769 ‘debellatum
413 2725 481 2768 curn
508 2703 627 2769 Volscis
657 2727 737 2768 esser
762 2709 790 2746 ⁴³
805 2707 900 2770 modo
913 2706 976 2768 duo
989 2705 1128 2791 presidia
1141 2705 1226 2767 oco'·
1235 2689 1371 2804 ssdl‘ffi

180 2789 296 2852 ‘dione
311 2791 424 2870 occisa,
440 2803 557 2854 etcum
573 2792 707 2876 periculo
716 2793 849 2858 retineri.
873 2790 997 2866 Nullum
1012 2811 1125 2857 annum
1147 2813 1225 2872 esse,
1236 2767 1329 2870 ιὲιζῗυ

178 2876 266 2958 ‘quo
286 2898 348 2940 non
365 2879 430 2942 acie
449 2878 631 2945 dimicetur:
657 2893 698 2960 et,
711 2883 737 2926 ⁴⁴
750 2891 908 2962 tamquam
933 2881 1082 2963 poeniteat
1101 2879 1226 2959 laboris,

179 2962 315 3029 ‘novum
330 2965 442 3028 bellum
456 2986 526 3028 cum
542 2965 672 3028 finitimo
694 2965 810 3050 populo
832 2978 866 3030 et
904 2967 1097 3031 otentiseimo
1115 2967 1227 3049 parari,

181 3049 191 3080 ‘
206 3049 257 3129 qui
276 3071 398 3114 omnem
413 3051 566 3115 Etruriam
581 3052 621 3116 sit
635 3051 863 3114 concitatum?
875 2989 952 3116 lieo
966 3073 1022 3116 sua
1031 3064 1142 3135 sponte
1161 3053 1227 3134 agi-

165 3144 257 3198 tata.
279 3137 400 3220 insuper
428 3138 540 3199 tribuni
561 3137 657 3219 plebis
685 3138 877 3200 accendunt:
902 3136 1098 3200 ‘Maximum
1116 3137 1229 3206 bellum

179 3221 189 3252 ‘
206 3219 422 3294 Patribuscum
436 3223 525 3306 plebe
540 3219 614 3284 eese’
630 3222 791 3286 dictitant:
816 3224 911 3286 ‘eam
931 3224 969 3286 de
985 3223 1137 3291 industria
1155 3244 1229 3288 rex·

213 3433 238 3468 ⁴⁰
265 3431 357 3496 Turpes
376 3431 692 3501 induciorrrirr....eeieret]
721 3433 960 3498 lemrirtutempcne
976 3433 1028 3500 plur
1045 3433 1147 3492 efficere,
1162 3447 1231 3498 quere

182 3497 256 3564 Supra
265 3513 286 3547 c.
297 3501 408 3548 unacco
424 3511 478 3548 ante
492 3499 555 3550 burro
568 3499 691 3550 undevice-
720 3511 841 3564 peteretur
865 3502 1016 3550 humanarum
1037 3501 1120 3551 ririrnu
1141 3502 1230 3552 moene

182 3565 240 3612 simo
253 3563 582 3630 Veientiburanacrrmroig'erti
598 3567 692 3615 inducie
722 3565 777 3615 Non
801 3565 926 3617 audiendus
949 3569 988 3617 bic
1005 3565 1117 3626 Clericus,
1129 3568 1168 3631 qui
1189 3584 1231 3631 pro

180 3629 361 3678 dutedicumur.
393 3631 476 3694 ltaque
494 3633 595 3680 nondum
611 3648 689 3681 earum
722 3633 786 3681 nullo
806 3635 889 3682 oirtme
906 3648 1016 3698 reponere
1031 3644 1106 3683 tentat
1125 3633 1231 3681 nabitu·

181 3707 272 3759 tempus
282 3695 368 3744 exierat
378 3714 384 3743 ι
400 3697 444 3745 uiri
453 3698 513 3748 sorte
523 3697 636 3762 placuerat
646 3699 688 3748 be·
718 3699 779 3749 dnn.

180 3761 429 3811 ruminitiumrumle
447 3764 493 3814 fine
506 3765 606 3828 priorem
622 3765 689 3816 indu·
752 3764 775 3798 ⁴³
809 3761 876 3814 Modo
899 3765 945 3816 deo
967 3763 1080 3828 presidia]
1114 3761 1231 3814 Videlicet

182 3829 620 3890 ciemm‚quarumdierexiieredieitur
630 3847 690 3879 anno
723 3831 782 3894 apud
812 3828 965 3891 Verruginem
996 3830 1070 3894 priore
1102 3845 1170 3886 anno,
1206 3839 1232 3877 et

180 3894 343 3956 ³28,ruprsc.
355 3897 397 3944 30.
724 3896 784 3959 apud
805 3911 880 3947 errem
901 3895 1069 3946 emerem
1086 3895 1161 3944 tribur
1178 3905 1232 3942 aare

214 3957 236 3992 ⁴¹
250 3959 311 4006 ‘Ad
319 3959 401 4023 finem]
421 3961 526 4010 Adfiner
542 3963 589 4023 egri
605 3961 692 4012 Veien-
724 3962 797 4010 annis.
839 3961 908 4010 Quod
930 3972 1008 4009 aurem
1028 3960 1124 4012 ‚additur
1143 3969 1164 4008 et
1182 3975 1233 4006 eurr

182 4023 220 4072 tir.
253 4024 359 4074 Sicialre
378 4040 414 4078 rr.
426 4028 450 4076 6.
468 4030 498 4077 ad
508 4027 581 4090 ,hren
598 4027 692 4092 Conpo-
720 4027 820 4089 periculo
839 4029 940 4086 miseri,
965 4041 994 4075 eo
1019 4026 1133 4074 indicatur
1156 4039 1232 4073 arcem

182 4105 244 4138 mem.
724 4091 890 4142 (ζιποιιιιιιιιιι
911 4103 1027 4155 mptum
1044 4105 1103 4148 ene,
1117 4092 1178 4153 quod
1194 4101 1231 4138 ta·

215 4155 239 4190 ⁴⁸
254 4155 310 4216 Qui,
328 4157 391 4222 quia]
415 4157 471 4206 Noa
492 4159 610 4211 immerito
627 4158 691 4208 virle·
723 4173 777 4206 uren
798 4174 910 4222 nusquam
922 4169 1073 4207 memoratum
1084 4168 1129 4204 err.
1161 4157 1233 4204 Porro
1337 4175 1342 4178 ·
1443 4178 1449 4184 ·

183 4231 223 4270 tur
249 4223 380 4274 Gronovius
405 4223 482 4274 delere
511 4226 616 4275 rotnlerrr
643 4227 691 4288 pai,
723 4239 767 4272 vox
786 4226 888 4286 presidio
911 4225 951 4273 bie
971 4223 1082 4288 accipitur
1100 4223 1173 4287 primo
1190 4237 1232 4286 pro

183 4297 290 4350 unquam
313 4302 436 4340 nocentem
461 4293 548 4349 annui,
578 4303 603 4341 er
631 4289 691 4339 ule
738 4290 867 4338 reiiriiariir
883 4289 1004 4347 militibus,
1018 4286 1101 4336 deinde
1118 4303 1160 4352 pro
1175 4288 1232 4336 arci·

183 4351 591 4474 ffmffi‘ffl'ffffiffi
606 4355 693 4472 {⁶⁰⁸1ss
739 4355 942 4484 ⁰3⁴⁵me
949 4409 1051 4483 mma
1062 4419 1151 4484 ansa]
1167 4418 1233 4468 ra.

182 4484 264 4534 abiere
289 4489 452 4552 mersu
478 4488 610 4554 pruidbrii
632 4487 691 4538 mili·
721 4484 1233 4552 qmmmaret'ulebcrireplebeeolereri

181 4559 333 4614 Momm
357 4555 506 4618 wgiteuenent
531 4553 614 4608 rane
637 4553 690 4620 lule,
721 4562 814 4620 Μ.
918 4611 923 4618 ,
