3175 5200
518 317 595 434 tna
608 369 678 432 vu.
695 369 891 432 CAR-XXX.
1145 379 1202 441 οι

165 525 177 560 ‘
192 527 295 594 iduor
309 547 366 612 pro
374 527 502 613 imperio
512 539 613 597 restro
626 537 660 592 et
666 529 766 612 gloria
775 549 894 614 semper
905 527 1060 593 laciennu.
1069 524 1200 594 -Subac-
1214 543 1249 594 n.
1260 543 1290 597 c„
1300 547 1358 597 cra.
1431 565 1440 605 r

166 613 177 646 ‘
192 617 232 678 tis
247 617 282 680 iis
297 617 448 698 gentibue,
462 615 618 698 quainter
637 637 693 680 nos
707 637 820 698 vosque
834 625 914 695 sunt,
928 616 1011 698 quod
1024 615 1200 702 propediem
1212 611 1243 660 b
1253 605 1282 658 ⁰·
1292 611 1349 659 ³⁴⁰·

167 699 178 732 ‘
193 703 326 766 tuncrum
335 703 465 786 spondet
480 715 512 766 et
525 703 620 764 virtus
634 713 668 764 et
680 701 803 766 fortuna
810 714 920 781 vesun,
934 702 1092 769 continens
1102 703 1200 785 impe-

166 787 270 852 ‘rium
282 810 376 872 nsque
401 789 440 852 ad
462 789 701 852 nonhabebitis.
738 789 894 852 Acerbum
914 809 950 852 ac
973 786 1115 852 miserum
1143 800 1202 866 est,

166 873 274 956 ‘quod
288 875 375 938 fateri
388 897 444 938 nos
459 874 579 940 fortuna
593 887 699 938 nostra
710 875 803 958 cogit.
838 873 1017 938 Fovennrm
1028 886 1085 954 est,
1096 871 1201 936 Patres

167 959 178 991 ‘
191 963 365 1045 conscripti,
375 975 411 1024 ut
421 975 474 1024 aut
485 962 662 1040 amicorum,
674 973 727 1024 aut
738 961 929 1024 inimicorum
940 959 1091 1043 Campani
1099 960 1204 1024 cimus.

167 1046 177 1077 ‘
194 1045 227 1110 Si
237 1048 412 1126 defenditis,
424 1049 532 1110 vestri:
544 1049 570 1108 si
579 1047 729 1126 deseritis,
739 1045 921 1110 Samnitium
930 1048 1052 1110 erimus.
1064 1043 1203 1129 Capuam

167 1132 266 1216 ‘ergo
293 1145 325 1196 et
345 1131 545 1218 Campaniam
573 1135 815 1196 omnemvestris
841 1155 880 1196 an
894 1131 1079 1200 Samnitium
1093 1135 1204 1196 viribus

167 1218 336 1284 ‘accedere
364 1221 488 1300 malitis,
514 1219 689 1284 deliberate.
715 1220 864 1284 Omnibus
894 1219 1029 1302 quidem,
1057 1217 1203 1298 Romani,

167 1305 318 1370 ‘vestram
331 1306 580 1384 misericordiam,
592 1319 783 1388 vestrumque
798 1305 945 1370 auxilium
964 1325 1083 1388 acquum
1092 1319 1204 1390 estpa-
1255 1315 1259 1325 ’

167 1392 276 1471 ‘tere3
303 1394 339 1456 iis
351 1407 454 1458 tamen
471 1394 612 1471 maxime,
635 1393 697 1476 qui,
714 1413 783 1456 eam
810 1393 1029 1476 inplorantibus
1049 1393 1116 1454 aliis
1130 1413 1205 1454 aux·

167 1477 277 1542 ‘ilium
296 1480 369 1542 dum
383 1501 474 1564 supra
486 1481 562 1542 vires
582 1500 651 1540 sum
664 1491 821 1561 prestant,
836 1483 863 1518 ⁴⁴
872 1500 977 1541 omnes
992 1478 1049 1562 ipsi
1069 1479 1101 1540 in
1124 1479 1204 1542 hauc

168 1563 408 1630 ‘necessitatem
434 1576 587 1628 venemut.
614 1585 796 1648 quamquam
814 1566 1012 1648 pugnavimus
1034 1566 1125 1627 verbo
1148 1585 1205 1647 pro

168 1651 179 1683 ‘
193 1651 320 1714 Sidicini
361 1674 393 1714 re
409 1674 463 1735 pro
487 1652 585 1730 nobis,
601 1672 692 1734 quum
704 1651 873 1712 videremus
887 1649 1049 1714 finitimum
1059 1647 1205 1734 populum

168 1674 496 1804 ιιιιὲῑειῐίοὓῘιιιτοοὶιιίο
521 1735 703 1800 Samnitium
768 1737 792 1799 ti
799 1758 810 1816 ς
834 1747 878 1816 et,
901 1735 1206 1820 ubieondagrassent
1297 1772 1302 1782 ·

168 1821 332 1904 ‘Sidicina
360 1823 401 1886 ad
427 1844 482 1886 nos
497 1820 693 1904 trajectarum
714 1821 788 1884 ilud
819 1821 994 1886 incendium
1020 1844 1095 1886 esse.
1140 1821 1206 1886 Nec

166 1908 178 1940 ‘
193 1911 274 1973 enim
284 1932 374 1990 nunc,
384 1911 455 1992 quia
466 1911 570 1972 dolent
580 1908 721 1992 injuriam
733 1924 892 1994 acceptam
901 1906 1064 1988 Samnites,
1072 1909 1127 1972 sed
1136 1910 1208 1992 quin

167 1995 178 2028 ι
499 1997 505 2010 .
530 1997 537 2010 .
1131 1995 1137 2008 .

118 2165 119 2170 ψ
167 1996 1207 2164 nnnnnnawn

67 2218 71 2226 .
168 2168 284 2249 ‘essen
306 2191 413 2252 pamm
443 2169 510 2246 suit,
530 2169 613 2250 quod
627 2167 720 2230 sernel
735 2167 766 2228 in
781 2165 919 2231 Sidicino
941 2188 1025 2250 agro,
1045 2167 1155 2230 iterum
1175 2165 1206 2226 in
1285 2163 1291 2174 '

168 2257 178 2288 ‘
195 2253 444 2339 Campaniajpsa
456 2255 591 2340 legiones
603 2266 721 2319 nostras
736 2251 894 2316 cecidere?
923 2251 997 2324 Qua
1012 2254 1127 2316 estista
1142 2265 1207 2314 tarn

168 2339 306 2404 ‘infesta
325 2342 381 2420 ira,
396 2361 485 2422 quam
502 2362 555 2423 per
570 2340 646 2404 duas
660 2340 741 2402 acies
756 2339 838 2402 fusus
861 2340 984 2422 sanguis
1004 2339 1124 2424 explere
1145 2359 1207 2401 non

169 2427 351 2510 ‘potueriti
375 2427 463 2492 Adde
489 2428 548 2490 buc
571 2427 799 2511 populationem
813 2447 966 2510 agromm,
977 2427 1092 2510 praedas
1107 2425 1207 2487 bomi-

169 2514 268 2577 ‘uum
276 2527 368 2596 atquc
383 2513 532 2596 pecudum
543 2523 638 2594 actas,
653 2513 796 2576 incendia
808 2510 945 2577 uillarum
960 2513 1124 2592 nominas,
1139 2532 1207 2575 om·-

169 2599 247 2663 ‘nia
260 2601 339 2665 ferro
357 2602 480 2684 ignique
505 2612 633 2665 vastata.
669 2597 795 2663 Histine
808 2599 854 2663 ira
871 2599 986 2683 expleri
1003 2621 1066 2663 nou
1123 2597 1205 2661 tuiti

168 2685 256 2751 ‘Sed
269 2687 419 2771 cupiditas
434 2688 585 2771 explenda
608 2699 663 2751 est.
688 2708 725 2747 ea
746 2686 786 2749 ad
806 2684 1043 2769 obpugnandam
1069 2620 1207 2767 &uam

165 2774 285 2857 ‘rapit
300 2786 353 2837 aut
378 2775 477 2839 delere
499 2775 606 2837 urbem
626 2773 872 2858 pulcherrimam,
896 2783 950 2835 aut
970 2772 1027 2855 ipsi
1053 2772 1207 2856 possidere

168 2860 307 2924 ‘volunt
333 2858 395 2924 Sed
410 2882 462 2923 vos
485 2861 599 2945 potitus,
614 2858 758 2939 Romani,
778 2858 926 2921 beneficio
940 2872 1040 2922 vestro
1055 2871 1205 2943 occupate

169 2948 179 2979 ‘
195 2968 274 3025 eam,
284 2968 375 3029 quam
390 2948 458 3009 illos
473 2948 585 3011 babere
601 2968 654 3030 per
669 2945 853 3009 maleficium
867 2946 986 3009 sinatis.
1014 2944 1087 3007 Non
1101 2946 1208 3027 loquor

169 3034 180 3066 ‘
196 3034 276 3115 apud
292 3045 480 3095 recusantem
490 3031 575 3114 justa
589 3032 669 3095 bella
677 3032 844 3115 populum3
867 3031 922 3093 scd
938 3046 1052 3109 tamen,
1062 3033 1088 3092 si
1101 3044 1206 3095 osten·

170 3118 181 3150 ‘
195 3114 298 3179 deritis
308 3119 534 3197 auxiliavestra,
544 3139 581 3179 ne
590 3118 671 3179 bello
682 3117 805 3198 quidem
813 3116 941 3179 arbitror
950 3116 1034 3180 vobis
1045 3138 1121 3200 opus
1132 3117 1208 3180 sore.

170 3204 181 3236 ‘
196 3200 301 3285 Usque
315 3204 355 3265 ad
370 3225 426 3266 nos
441 3216 613 3267 contemtus
627 3200 809 3264 Samnitium
822 3202 970 3285 pervenit,
978 3222 1070 3285 supra
1083 3222 1145 3265 non
1159 3223 1207 3263 es-

165 3292 181 3327 1‘
196 3290 330 3353 cendit⁰
358 3288 463 3371 Imque
473 3290 677 3351 umbraveetri
688 3286 952 3366 auxilii,Romaui,
963 3287 1026 3368 tegi
1034 3308 1207 3372 possumus:
1225 3297 1231 3311 ·

169 3376 180 3409 ⁴
195 3376 343 3457 quidquid
352 3376 462 3439 deinde
473 3374 674 3453 babuerimus,
683 3372 831 3457 quidquid
845 3374 902 3457 ipsi
915 3373 1068 3455 fuerimus,
1074 3387 1208 3437 vestrum

170 3462 229 3525 ‘id
243 3484 334 3525 omne
349 3462 559 3527 existimaturi.
590 3458 684 3543 Vobis
701 3461 834 3525 arabitur
842 3481 914 3543 ager
927 3458 1207 3542 Campanm‚vobis
1244 3536 1249 3545 ⁶
1285 3522 1289 3529 .

171 3551 182 3584 ⁴
197 3546 304 3631 Capua
310 3550 383 3613 urbs
399 3548 656 3631 frequentabitur:
678 3546 882 3627 conditorum,
891 3558 1062 3631 parentum,
1073 3546 1208 3611 Deorum
1314 3604 1318 3614 .

169 3638 180 3670 ‘
197 3636 403 3701 inmortalium
417 3657 545 3700 numero
556 3636 645 3697 nobis
660 3635 754 3697 eritis.
790 3629 884 3697 Nulla
896 3633 1018 3697 colonia
1026 3646 1125 3698 vestm
1138 3635 1207 3715 orit,

169 3724 180 3756 ‘
195 3743 260 3807 qure
269 3744 324 3785 nos
334 3723 479 3805 obsequio
494 3744 567 3805 erga
580 3720 760 3805 vosiideque
769 3733 899 3803 superet.
910 3725 937 3761 ⁴⁴
946 3720 1092 3800 Adnuite,
1104 3720 1206 3785 Patres

171 3810 182 3843 ⁴
196 3808 373 3893 conscripti,
380 3820 488 3873 numm
503 3829 675 3891 numenque
690 3818 823 3872 vestrum
835 3808 981 3871 invictum
990 3806 1166 3889 Campanis,
1175 3819 1207 3907 pt
1284 3821 1289 3831 ·

170 3890 1209 4069 3⁴0⁰

587 4102 599 4126 ⁰
613 4102 710 4151 mandit
722 4103 792 4153 Crev.

201 4178 224 4215 ⁴⁴
241 4178 318 4231 Ornata
337 4182 389 4245 ipa]
425 4184 476 4233 Vox
496 4200 568 4233 mur
588 4186 672 4245 redun-
702 4184 786 4248 lpum,
800 4183 867 4243 coine
882 4193 941 4229 mrsu
954 4188 1207 4237 vertunturacragm·

169 4248 216 4296 dar.
251 4246 281 4294 Er
299 4264 350 4297 eam
369 4250 455 4299 omiuir
476 4266 536 4301 naue
558 4266 571 4299 e
590 4251 673 4299 nonnis
701 4248 836 4297 turomnie.
869 4244 958 4292 Numen
974 4243 1101 4291 abeodem
1118 4242 1205 4302 orig'no

169 4312 266 4375 seriptis.
701 4326 746 4371 ut,
761 4330 774 4363 ι
793 4312 862 4361 verbo
879 4324 963 4374 nempe
972 4323 1050 4364 nuere,
1062 4318 1088 4355 et
1106 4306 1205 4354 divinam

200 4377 222 4411 ⁴⁵
238 4378 555 4444 hadumarum
564 4380 669 4444 umisa]
701 4379 889 4441 gubernationem
908 4391 934 4423 sc
951 4373 1206 4429 commendemur.

169 4440 207 4490 sic
218 4443 353 4507 compellant
364 4446 474 4510 Campani
486 4447 602 4507 Romanos
616 4458 668 4498 tan-
701 4457 727 4501 ut
737 4442 908 4503 Wmd
917 4454 938 4494 t.
947 4442 1072 4505 liugn·

169 4523 237 4573 quam
252 4509 308 4561 deor
327 4511 445 4575 modern,
458 4524 567 4578 tmqmm
587 4512 669 4563 lovem
