3175 5200
208 1267 301 1332 Imperii
313 1270 340 1317 fi·

207 1350 250 1384 ner
260 1335 352 1400 prolati.v

207 1769 239 1822 U.
250 1771 279 1824 C.
292 1773 348 1824 121.

203 1843 236 1888 A.
246 1839 276 1890 C.
287 1841 342 1890 631.

205 1905 233 1952 1.
243 1899 341 1966 Tarqui·

202 1970 256 2018 nius
266 1963 316 2018 ilo·

203 2049 266 2084 mam
277 2035 349 2086 seuit.

378 377 419 434 48
803 369 887 432 Tm
905 369 1006 432 LlVll

380 528 452 609 loci,
478 527 531 592 sed
556 549 595 592 ne
621 529 743 612 quaudo
770 549 808 591 ea
833 551 888 592 arx
903 532 1036 594 hostium
1054 543 1144 596 esset.
1160 537 1185 572 ⁸¹
1199 532 1232 596 id
1255 553 1317 598 non
1342 554 1429 600 muro

380 617 489 696 solum,
515 617 694 695 sedetiam,
716 617 757 678 ob
780 618 1033 680 commoditatem
1055 620 1182 698 itineris,
1198 624 1329 704 ”ponte
1354 625 1427 686 sub-

380 703 462 783 licio,
489 715 556 766 tum
581 703 711 787 primum
726 703 758 764 in
774 701 903 765 Tiberis
925 687 1018 784 iacto,
1048 705 1192 788 conjungi
1213 709 1279 769 urbi
1300 710 1426 792 placuit.

380 789 544 862 Quiritium
577 809 695 870 qnoque
731 787 823 868 fossa,
861 790 943 853 haud
981 813 1106 874 parvum
1144 794 1365 858 munimentum
1406 818 1426 858 a

379 876 565 958 planioribus
592 875 678 936 aditu
702 874 787 953 loeis,
814 875 893 938 Auci
909 877 987 958 regis
1002 899 1077 961 opus
1091 891 1148 941 est.
1190 878 1310 962 Ingenti
1326 882 1425 944 inere·

377 974 482 1024 mento
503 961 591 1024 rebus
617 961 725 1039 auctis,
751 981 844 1042 quum
868 963 900 1023 in
927 976 1017 1026 tanta
1040 965 1235 1029 multitudine
1257 967 1425 1047 hominum,

377 1047 549 1110 discrimine
574 1057 718 1115 recteun
741 1067 900 1132 perperam
922 1049 996 1112 facti
1018 1052 1157 1131 confuso,
1176 1053 1312 1115 facinora
1337 1055 1424 1116 clan-

375 1133 496 1196 destina
531 1131 649 1212 fierent,
686 1151 788 1196 carcer
812 1133 852 1195 ud
881 1146 1027 1198 terrorem
1060 1139 1256 1201 increscentis
1289 1141 1423 1204 audacia

375 1219 477 1282 media
497 1221 581 1300 urbe,
615 1219 776 1283 imminens
799 1219 877 1298 foro,
900 1221 1076 1284 aedificatur.
1118 1222 1184 1286 Nec
1207 1226 1278 1287 urbs
1300 1239 1421 1290 tantum

374 1306 434 1369 lroc
455 1327 526 1390 rege
551 1307 656 1386 crevit,
671 1306 834 1369 sedetiam
848 1327 920 1388 ager
933 1307 1080 1390 finesque.
1123 1308 1207 1372 Silva
1226 1310 1334 1375 Mesia
1347 1312 1420 1376 Vei·

373 1394 493 1456 entibus
523 1394 656 1471 ademto,
680 1393 836 1474 usquead
862 1413 946 1456 mare
971 1395 1131 1478 imperium
1148 1397 1311 1479 prolatum,
1332 1410 1366 1460 et
1389 1401 1422 1460 iu

374 1501 425 1544 ore
453 1479 572 1546 Tiberis
607 1479 721 1542 Ostia-¹¹
757 1481 828 1541 urbs
867 1480 1012 1544 condita:
1057 1483 1159 1545 salinas
1189 1481 1272 1546 circa
1322 1483 1421 1563 factae,

372 1567 552 1650 egregieque
572 1568 659 1630 rebus
679 1565 759 1628 bello
788 1566 893 1648 gestis,
915 1566 1107 1632 edis¹Jovis
1137 1567 1263 1633 Feretrii
1290 1570 1420 1654 amplifi·

372 1665 452 1718 cata.
496 1689 501 1696 ·

414 1739 561 1804 XXXIV.
583 1739 671 1804 Anco
707 1752 864 1824 regnante,
908 1739 1054 1821 honoro,
1090 1742 1135 1804 vir
1168 1743 1285 1826 inpiger
1318 1766 1355 1806 ac
1371 1745 1419 1808 di·

371 1828 452 1892 vitiis
467 1840 585 1912 potens,
608 1828 742 1892 Romam
765 1827 978 1910 conmigrauit,
995 1828 1137 1912 cupidine
1157 1830 1290 1892 maxime
1305 1851 1342 1892 ac
1363 1853 1418 1914 spe

371 1917 474 1999 magni
490 1916 623 1995 honoris,
648 1914 733 1998 cujus
754 1915 942 2000 adipiscendi
956 1915 1130 1996 Tarquiniis
1162 1914 1246 1994 (nam
1276 1916 1318 1979 ibi
1341 1936 1418 1998 quo·

372 2023 429 2084 que
466 2003 626 2085 peregrina
654 2002 749 2084 stirpe
777 2001 920 2064 oriundus
949 2001 1028 2081 erat)
1056 2001 1184 2064 facultas
1214 2021 1282 2065 non·
1310 2001 1418 2065 fuerat.

372 2091 399 2130 ⁶³
413 2087 600 2152 Demarati*
622 2088 775 2151 Corinthii
799 2086 878 2150 filius
893 2099 961 2150 erat
970 2111 981 2166 3
1000 2088 1062 2168 qui,
1083 2087 1124 2148 ob
1145 2087 1308 2150 seditiones
1322 2089 1417 2151 domo

370 2175 524 2260 profligas,
539 2196 632 2260 quum
646 2173 820 2256 Tarquiniis
849 2175 929 2238 forte
958 2173 1155 2252 consedisset,
1180 2195 1274 2236 uxore
1293 2175 1335 2236 ibi
1359 2175 1417 2236 du-

370 2275 432 2341 cta,
462 2263 538 2326 duos
552 2263 630 2325 filim
653 2261 769 2344 genuit.
813 2258 949 2323 Nomina
972 2261 1020 2322 his
1043 2257 1181 2322 Lucumo
1204 2272 1295 2342 atque
1318 2260 1418 2322 Anrns

368 2349 499 2412 fuerunt.
539 2347 677 2412 Lucumo
697 2347 846 2431 superfuit
864 2348 956 2427 patri,
970 2349 1120 2419 bonorum
1151 2347 1287 2408 omnium
1302 2345 1415 2410 haeresi

368 2435 469 2496 Aruns
494 2435 576 2514 prior
606 2455 697 2514 quarn
723 2445 811 2514 pater
835 2434 972 2511 moritur,
1004 2454 1099 2495 maore
1136 2433 1262 2514 gravida
1299 2432 1415 2495 relicta.

367 2517 434 2581 Nec
450 2520 501 2580 diu
524 2530 629 2580 manet
655 2531 807 2601 superstes
828 2517 890 2579 filio
914 2531 1020 2601 pater:
1044 2520 1094 2602 qui
1111 2540 1214 2601 quum,
1230 2523 1257 2559 ⁶⁴
1273 2519 1416 2601 ignorans

365 2626 476 2670 nurum
490 2616 626 2669 uentrem
648 2606 736 2684 ferre,
767 2606 916 2667 inmemor
946 2607 978 2667 in
999 2606 1142 2669 testando
1164 2607 1285 2689 nepotis
1309 2607 1438 2669 (leues-1·

368 2693 466 2771 sisset,
482 2714 586 2777 puero,
611 2704 682 2783 post
707 2691 755 2752 avi
779 2704 909 2755 mortem
933 2693 964 2754 in
986 2692 1101 2755 nullam
1127 2704 1241 2754 sortem
1265 2692 1414 2753 bonorum

367 2790 452 2859 nato,
467 2780 506 2841 ab
521 2778 626 2861 inopia
643 2776 755 2859 ligerio
784 2777 916 2841 inditum
938 2800 1062 2841 nomen.
1106 2776 1273 2839 Lucumoni
1296 2790 1415 2857 contra,

368 2866 504 2929 omnium
528 2866 638 2928 haeredi
658 2864 818 2943 bonorum,
845 2886 938 2948 quum
967 2866 1078 2928 ffidnae
1102 2863 1169 2945 jam
1193 2863 1311 2926 animos
1329 2864 1414 2926 face·

369 2964 446 3030 rent,
459 2952 544 3016 ouuit
553 2952 646 3015 ducta
655 2951 686 3013 in
698 2952 926 3017 matrimonium
939 2951 1100 3033 Tanaquil,
1111 2970 1232 3013 summo
1245 2949 1316 3013 loco
1328 2962 1413 3030 nata,

368 3116 485 3202 tillerirs
495 3116 562 3171 Cres.
622 3092 841 3172 ‘tumueram'
877 3111 1124 3168 terraconem.
1190 3112 1411 3171 *Dmontcren

398 3266 420 3301 ⁶¹
436 3262 465 3315 id
490 3282 535 3316 non
563 3280 628 3316 muro
658 3264 738 3331 solon]
760 3264 874 3330 intellige,
937 3264 959 3299 Μ
977 3260 1087 3330 Ignorans
1108 3281 1192 3314 nurum
1223 3274 1320 3316 orrursar
1331 3264 1410 3331 ferre]

363 3333 537 3397 mumnjungs',
558 3335 618 3395 quod
637 3333 749 3397 sequitur,
765 3335 805 3383 sed
821 3334 872 3382 ciu-
902 3330 1017 3380 Notabilis
1040 3332 1079 3379 uie
1097 3332 1163 3380 nobis
1178 3332 1266 3381 locutio
1275 3331 1410 3383 semotio

365 3398 399 3457 gi,
407 3398 499 3454 muniri,
508 3409 548 3446 sut
559 3398 621 3445 aliud
630 3398 685 3461 quid
694 3398 777 3448 simile.
814 3398 871 3447 Nou
902 3398 992 3447 duabu
1028 3398 1155 3446 codicibm:
1195 3400 1300 3461 ἕρπω
1338 3410 1412 3445 rrum

364 3461 476 3572 quimdiu
504 3462 585 3510 urbem
596 3474 663 3575 ¹1qqqe
691 3463 807 3576 ingessum
825 3463 871 3513 fuit
902 3472 1006 3512 oestron.
1038 3461 1142 3538 Verqu
1155 3460 1281 3575 [Μωὲιι
1299 3462 1328 3509 iis
1360 3476 1408 3509 ιιαι

366 3536 870 3654 ιῗέὲὶ.3ζῇι,ἴῑιωιῶοἳιῑῳᾞ“ῗὲἕὲ
900 3538 1027 3641 ἱέἳὟὲἓ
1047 3528 1168 3641 d‘tt‘
1188 3539 1332 3654 inii?
1345 3541 1409 3639 ,tt

366 3655 422 3703 bum
443 3668 536 3703 maesse
558 3667 594 3705 est
612 3657 636 3704 in
654 3658 757 3707 andorra
768 3660 870 3723 pluribus
901 3657 1032 3718 haecfigrm
1050 3656 1158 3720 loquendi
1174 3671 1222 3704 uon
1242 3659 1301 3719 sapit
1322 3654 1410 3704 librarii

367 3720 475 3768 membris
484 3732 612 3770 constante.
632 3720 687 3773 Vid.
697 3734 747 3773 not.
765 3726 870 3775 stade.
903 3738 1006 3771 muum.
1040 3720 1072 3769 Er
1092 3724 1168 3771 firmn
1190 3720 1313 3777 Horatius,
1333 3720 1407 3784 Epod.

368 3786 407 3835 67.
418 3785 435 3837 1.
449 3800 488 3835 ιιι.
501 3787 567 3836 iufra.
904 3790 945 3838 lt.
980 3786 1083 3850 Tumque
1111 3795 1185 3836 neuter
1204 3785 1358 3833 Pactumeius:
1384 3784 1409 3833 id

399 3851 422 3885 ὅ*
435 3850 529 3901 Portu.
547 3854 592 3902 ,r'n
615 3849 708 3900 Tiberim
733 3854 811 3916 facto]
832 3854 871 3903 Sic
902 3865 947 3911 est,
964 3851 1110 3901 Pactumeius
1119 3852 1175 3917 (hoc
1194 3866 1282 3900 nomen
1298 3854 1409 3913 crassius

366 3914 450 3965 habere
460 3930 563 3967 reserem
580 3932 648 3965 suum
665 3916 750 3967 librum
771 3930 871 3968 tenatur
918 3932 972 3965 uem
983 3916 1077 3966 Canidia
1091 3932 1133 3981 pro
1149 3917 1197 3968 filio
1212 3914 1405 3977 monsteutabat)

367 3980 481 4041 Sigonius.
516 3982 648 4031 consensit.
682 3980 795 4032 Victoria.
830 3999 872 4033 co·
903 3933 1053 4030 i'actumeim
1074 3995 1210 4031 rsrsrurus
1226 3993 1361 4039 esseest,
1379 3996 1409 4031 ex

366 4045 420 4091 rlex.
449 4046 487 4095 Sic
504 4058 529 4097 st
554 4048 677 4111 Epiromer
691 4056 778 4108 pontem
797 4047 873 4095 ioll-
903 4058 1085 4095 meromorsrs
1103 4049 1195 4111 prodiit.
1228 4045 1319 4095 Eodem
1340 4047 1409 4093 modo

367 4107 434 4154 terim
446 4110 515 4169 serit.
547 4112 629 4176 ltaque
647 4112 801 4175 judlcsvimus
821 4114 872 4161 vol·
902 4126 957 4159 una
990 4124 1026 4159 est
1046 4110 1142 4161 Tacitus
1162 4110 1313 4177 appellatione
1333 4112 1407 4157 ulcis

367 4182 441 4230 garam
450 4173 573 4223 monem
592 4180 617 4225 in
630 4176 702 4225 Tiberi
717 4179 745 4225 ab
764 4180 792 4226 iis
814 4192 873 4234 esse,
902 4172 1134 4227 Annu.lr.'c.59.
1187 4176 1302 4237 Satp'sctus
1321 4176 1408 4222 arsitio

372 4236 519 4349 ffisupbrp
537 4256 558 4287 e.
572 4243 734 4354 lindlecsrsnt
754 4246 778 4292 in
798 4245 869 4319 capite
899 4243 1085 4353 unqomuqruruu
1093 4252 1128 4352 pt
1145 4256 1188 4291 xv.
1211 4243 1253 4288 28.
1275 4237 1408 4351 Jm

450 4330 457 4354 ι
489 4364 494 4375 ¹
521 4318 873 4379 ιαιιιειιινιιιιιιιοικιιιιιιιι
923 4371 937 4383 ⁰
1000 4321 1063 4353 enam
1115 4320 1190 4381 oppa
1224 4318 1302 4350 rom

366 4363 575 4493 qszmtff
585 4379 764 4487 iiiminmmd
785 4436 872 4499 origine
902 4370 959 4493 igr
979 4366 1408 4483 dtinuizidrffffelldileiisxeffipri'mfss

229 4474 235 4493 ⁵
364 4504 392 4547 et
404 4492 493 4546 casibus
503 4494 568 4560 plura
577 4494 646 4553 lubet
657 4500 757 4555 Dioml.
770 4515 811 4555 ιιι.
903 4498 1084 4578 Ηοιιιιίιροιιιιι
1094 4498 1163 4550 ruodo
1173 4509 1334 4553 memomtum
