3175 5200
509 414 586 476 LlB.
601 416 635 475 V.
657 412 739 473 cnl’.
752 412 866 473 XLIX.
1002 471 1007 483 ,
1125 413 1194 473 841·

144 583 252 660 corp'us
285 574 388 653 armis,
420 571 467 633 vel
498 571 580 650 dedi,
611 572 658 633 vel
693 569 799 632 redimi
822 588 865 645 se,
897 586 1084 649 quacumque
1105 587 1179 651 pac-
1195 575 1335 633 unam.

142 664 229 725 tione
253 672 387 745 possent,
409 656 516 740 jussit3
536 656 731 739 jactantibus·
747 676 810 717 non
830 655 955 716 obscure
969 652 1075 733 Gallis,
1097 654 1179 716 baud
1191 643 1332 697 ΜΨ·
1353 726 1356 730 ,

144 770 257 831 magna
289 744 427 809 mercede
458 766 491 805 se
524 744 634 805 adduci
665 762 766 825 pqsse‚
796 753 831 803 ut
867 739 1056 802 obsidionem
1088 738 1177 802 relin-

144 846 248 917 quant
301 831 382 894 Turn
413 841 533 893 senatus
564 828 698 905 habitus,
721 819 908 907 tribunisque
930 826 1068 888 militum*
1083 843 1177 908 nego-
1190 838 1340 889 Padseuarar

143 922 220 983 tium
253 920 368 994 datum,
401 930 436 981 ut
467 916 699 1000 paciscerentur.
745 911 820 974 Inde
842 913 920 973 inter
950 911 989 982 Q.
1012 910 1178 995 Sulpicium
1188 904 1315 983 mli,

143 1006 299 1069 tribunum
314 1006 445 1066 militum
466 1016 498 1066 et
518 1001 672 1064 Brennum
694 999 830 1081 regulum
845 996 1001 1060 Gallorum
1016 999 1179 1080 conloquio
1189 986 1244 1083 Ψ

144 1104 299 1155 transacta
313 1112 361 1153 res
376 1101 431 1169 est,
452 1101 482 1151 et
508 1091 533 1127 ⁸⁸
544 1088 627 1165 mille
642 1085 746 1169 pondo
761 1085 825 1146 auri
840 1084 970 1167 pretium
985 1085 1088 1167 populi
1103 1106 1195 1169 gen-·

143 1180 224 1242 tibus
257 1174 331 1240 mox
361 1176 537 1261 imperaturi
565 1173 690 1236 factum.
748 1170 816 1249 Rei,
850 1170 1023 1233 loedissimae
1052 1192 1106 1252 per
1135 1194 1179 1251 se,

143 1265 265 1348 adjecta
297 1264 463 1345 indignitas
491 1274 546 1325 est.
577 1260 714 1343 pondera
743 1258 782 1319 ab
813 1254 909 1319 Gallis
941 1256 1044 1318 adlata
1064 1257 1179 1339 iniqua,

143 1364 187 1429 et,
211 1351 334 1414 tribuno
360 1362 529 1424 recusante,
553 1347 675 1409 additus
699 1344 738 1406 ab
761 1343 912 1405 insolente
938 1341 1027 1405 Gallo
1052 1342 1180 1425 ponderi

144 1438 281 1519 gladius:
305 1436 465 1517 auditaque
491 1432 682 1496 intoleranda
709 1430 858 1493 Romanis
886 1451 957 1510 vox,
987 1431 997 1463 ‘
1011 1428 1065 1491 Vae
1092 1430 1181 1491 victis

143 1522 257 1586 ‘esse'

189 1608 305 1672 XL'IX.
327 1608 388 1672 Sed
411 1608 558 1689 ⁸⁴Diique
582 1621 613 1670 et
644 1606 784 1669 homines
816 1605 996 1689 prohibuere
1029 1606 1180 1669 redemtos
1191 1618 1317 1678 Dictatore

143 1695 243 1757 vivere
266 1696 432 1758 Romanos.
448 1714 533 1787 ⁸nam
567 1694 646 1757 forte
674 1694 817 1775 quadarn,
839 1693 921 1775 prius
944 1714 1033 1775 quam
1056 1693 1182 1756 infanda
1192 1692 1320 1742 *dmm--

143 1802 260 1843 merces
284 1782 487 1865 perficeretur,
512 1800 566 1861 per
591 1780 821 1842 altercationem
843 1779 980 1841 nondum
1001 1781 1085 1841 omni
1107 1792 1199 1845 auro‘

144 1868 291 1951 adpenso,
308 1868 439 1929 dictator
454 1867 636 1942 intervenit3
661 1866 831 1947 auferrique
846 1885 952 1927 aurum
966 1867 1005 1928 de
1020 1868 1132 1943 medio,
1148 1881 1183 1932 et

144 1951 249 2016 Gallos
273 1953 443 2015 submoveri
460 1952 559 2035 jubet.
604 1952 705 2023 Quum
730 1952 773 2014 illi
798 1953 963 2038 renitentes
975 1966 1082 2036 pactos
1096 1956 1185 2018 diee-

145 2051 214 2101 rent
227 2062 304 2118 sese,
319 2054 413 2122 negat
433 2060 501 2101 eam
522 2040 697 2121 pactionem
721 2052 819 2101 ratam
839 2059 915 2117 esse,
930 2060 1006 2121 quoe,
1021 2052 1185 2123 postquam

89 2175 91 2178 .
144 2125 210 2209 ipse
234 2128 363 2189 dictator
386 2137 503 2188 creatus
525 2138 615 2204 esset,
648 2124 764 2208 injussu
795 2147 850 2187 suo
876 2127 915 2187 ab
936 2126 1087 2189 inferrorrs
1104 2150 1185 2209 Juns

145 2207 325 2293 magistratu
335 2212 520 2275 factaesset:
537 2212 760 2293 denunciatque
775 2208 882 2290 Gallis,
894 2224 929 2275 ut
942 2234 975 2275 se
989 2213 1029 2275 ad
1044 2214 1184 2295 proelium

144 2299 320 2381 expediant.
354 2296 431 2359 Suos
451 2299 484 2360 in
505 2317 643 2359 acervum
659 2298 810 2381 conjicere
824 2300 973 2378 sarcinas,
983 2312 1015 2362 et
1030 2321 1114 2362 arma
1128 2322 1184 2385 ap·

145 2395 220 2463 tare,
228 2385 444 2467 ferroque,non
453 2406 536 2463 auro,
546 2404 725 2466 recuperare
733 2385 865 2467 patriam
870 2383 1007 2468 jubet,in
1017 2399 1186 2469 conspectu

146 2470 293 2533 habentes
308 2471 380 2533 fana
394 2470 506 2549 Deum,
523 2482 555 2532 et
571 2470 727 2553 conjuges,
742 2482 774 2533 et
788 2471 908 2549 liberos,
923 2483 957 2534 et
971 2473 1069 2534 solum
1080 2474 1186 2556 patriar

146 2556 282 2621 deforme
297 2557 367 2620 belli
383 2557 482 2635 malis,
498 2567 530 2618 et
545 2557 659 2634 omnia,
680 2577 745 2638 quae
766 2556 887 2620 defendi
914 2558 1071 2640 repetique
1090 2571 1122 2622 et
1137 2559 1185 2621 ul-

143 2645 216 2706 cisci
232 2647 258 2685 ⁸⁵
269 2644 314 2706 las
328 2644 378 2706 sit.
396 2687 400 2694 -
422 2641 548 2705 Instruit
569 2642 679 2704 deinde
703 2642 813 2722 aciem,
836 2656 870 2706 ut
885 2643 944 2727 lqci
960 2657 1070 2708 natura
1083 2647 1183 2728 patie-

145 2729 245 2808 batur,
266 2731 297 2791 in
317 2729 467 2793 semirutae
486 2729 551 2790 solo
565 2729 657 2806 urbis,
673 2739 705 2791 et
719 2740 828 2790 namra
842 2728 1000 2811 inaequali3
1023 2743 1056 2794 et
1069 2733 1183 2812 omnia,
1241 2730 1244 2736 “

141 2837 207 2898 quoe
221 2825 284 2878 arte
300 2817 369 2877 belli
384 2815 519 2877 secunda
541 2815 602 2878 suis
626 2815 698 2896 eligi
723 2817 921 2899 praepararive
938 2829 1091 2902 poterant,
1107 2839 1179 2900 pro-

141 2903 227 2964 vidit.
271 2900 362 2980 Galli,
386 2921 466 2964 nova
484 2923 516 2962 re
539 2901 659 2983 trepidi
683 2922 768 2963 arma
793 2902 929 2984 capiunt,
953 2904 1058 2986 iraque
1072 2906 1181 2988 magis,

142 3007 234 3068 quam
246 2989 385 3066 consilio,
400 2989 432 3050 in
446 2987 603 3049 Romanos
618 2987 783 3050 incurrunt.
815 2987 888 3050 Jam
902 3003 1034 3052 verterat
1048 2990 1180 3071 fortuna,

138 3071 205 3154 jam
225 3071 361 3135 Deorum
385 3093 458 3156 opes
477 3074 668 3154 humanaque
684 3073 810 3134 consilia
825 3095 889 3136 rem
904 3073 1075 3138 Romanam
1090 3076 1179 3157 adju·

142 3159 266 3221 vabant.
290 3159 382 3240 igitur
406 3159 506 3240 primo
532 3179 680 3219 concursu
705 3159 787 3219 baud
811 3158 926 3240 majore
949 3175 1106 3223 momento
1120 3163 1178 3224 fusi

142 3242 224 3307 Galli
240 3257 321 3323 sunt,
336 3263 427 3325 quarn
442 3244 482 3304 ad
498 3243 611 3304 Alliam
625 3243 772 3305 vicerant.
814 3242 950 3307 Justiorc
964 3246 1059 3308 altero
1069 3247 1178 3310 deinde
1190 3246 1276 3316 ΨΜ

143 3330 251 3415 proelio
285 3330 325 3392 ad
357 3339 498 3390 octamm
529 3327 661 3411 lapidem
683 3325 804 3393 Gabina
822 3331 883 3409 via,
910 3351 970 3412 qun
991 3353 1024 3394 se
1046 3353 1086 3394 ex
1106 3313 1276 3417 fugam*

141 3416 344 3496 contulerant,
376 3412 511 3495 ejusdem
533 3413 628 3477 ductu
650 3415 843 3498 auspicioque
865 3415 986 3479 Camilli
1008 3418 1176 3486 vincuntur.
1263 3425 1267 3432 ’
1307 3477 1312 3486 .

143 3501 191 3565 Ι1)ἰ
218 3502 315 3565 caedes
340 3499 445 3563 omnia
469 3500 611 3563 obtinuit.
636 3510 736 3562 castra
758 3501 928 3583 capiuntur,
948 3516 1034 3579 etne
1047 3507 1176 3572 nuncius

143 3589 266 3671 quidem
300 3587 395 3650 cladis
428 3587 561 3651 relictus.
604 3585 755 3666 Dictator,
780 3601 958 3671 recuperata
977 3611 1016 3654 ex
1035 3593 1177 3658 hostibus
1258 3649 1264 3672 ,

141 3675 251 3760 patria,
266 3675 455 3756 triumphans
475 3675 508 3736 in
529 3674 633 3735 urbem
648 3673 746 3736 redit:
770 3673 907 3757 interque
917 3674 1006 3759 jocos
1019 3678 1177 3758 militares,
1247 3733 1252 3742 .

142 3781 217 3845 quos
239 3761 411 3824 inconditos
428 3759 559 3844 jaciunt,
581 3757 729 3823 Romulus
751 3781 788 3823 ac
810 3781 919 3844 pareus
940 3764 1047 3847 patria
1069 3767 1200 3829 condi-⁴

140 3977 211 4026 quam
226 3961 377 4011 Rhenanus
390 3975 432 4010 ruo
446 3957 524 4010 codice
537 3954 641 4024 prmulb,
673 3955 749 4023 lybias
764 3969 842 4009 moen
860 3971 885 4010 et
899 3959 966 4011 initio
981 3963 1022 4013 lib.
1040 3977 1058 4012 r.
1076 3974 1102 4014 et
1118 3962 1179 4014 libro

139 4027 232 4076 firmam
256 4039 305 4076 tres
327 4043 342 4076 s
368 4027 451 4076 oooer‘u
467 4024 563 4090 optimi:
591 4021 642 4071 rul-
675 4035 704 4070 ιι.
723 4037 744 4073 c.
767 4027 806 4076 18.
832 4025 900 4079 cudit
921 4027 999 4077 Galiba
1018 4029 1106 4079 tradere
1124 4046 1178 4080 cum

139 4093 188 4154 tuti
204 4092 264 4142 mele
281 4091 567 4142 ubibebautstutioaibure
582 4088 642 4140 mals
675 4085 783 4138 Romu
809 4090 871 4141 sacto
900 4093 1067 4143 wulrimibu·
1095 4096 1177 4158 φῶν·

140 4156 222 4207 itidem
253 4157 360 4221 sigonius
390 4155 510 4208 lambebat
540 4155 566 4204 ia
598 4161 643 4204 ste·
675 4154 807 4214 voluerant,
823 4157 958 4221 redditaque
973 4159 1000 4207 iis
1016 4155 1177 4224 urbe,'arlpa·

139 4223 217 4272 wrm.
673 4219 729 4267 triu
745 4221 812 4269 ude·
832 4222 940 4271 rcdiisser
963 4239 1007 4274 nec
1022 4225 1092 4274 ullam
1111 4241 1177 4273 men·

175 4285 197 4320 ¹⁸
222 4285 288 4336 tutu
310 4289 380 4352 pando
396 4287 460 4353 eun]
484 4285 552 4336 Mille
575 4284 641 4334 libne
672 4285 760 4334 tionem
773 4287 828 4336 iacit
844 4285 936 4338 Camilli
951 4291 1045 4355 ejsuque
1061 4290 1092 4340 de
1103 4289 1176 4340 oau'u

140 4347 514 4416 numerumnunerum
533 4351 560 4398 sd
581 4365 642 4398 ruer-
673 4351 829 4403 vinariarum.

138 4430 179 4496 ap
196 4427 311 4467 aeruna
327 4419 396 4469 1562.
411 4434 466 4469 curu
485 4426 581 4481 quatuor
598 4430 642 4464 un·
705 4413 728 4448 ⁸⁵
744 4414 760 4445 ⁶
776 4415 821 4468 mr
830 4415 871 4484 u‘t]
885 4417 959 4484 lagu
975 4417 1120 4473 methin:
1133 4423 1175 4486 ju·

139 4479 751 4614 ‘hfiutmatrntmpntuumro-'m
