3175 5200
382 346 441 404 236
787 338 873 403 'rm
891 340 991 406 mvn

222 484 254 535 U.
266 487 296 536 C.
305 487 363 539 sto.
388 505 400 540 t

220 552 253 602 A·
265 550 294 603 C.
304 554 360 603 442.

413 503 557 576 Quirites.
572 503 688 567 animos
704 476 817 566 vestros
830 500 875 563 illi
888 504 1049 566 tentabunt
1058 522 1187 587 semper,
1198 503 1276 567 vires
1290 522 1353 567 non
1362 524 1430 567 ex··

387 594 400 629 ‘
412 593 571 675 perientur.
586 590 693 671 Itaque
704 588 744 649 ad
756 588 836 649 bella
848 588 918 666 ista,
932 585 986 654 seu
1002 590 1088 670 falsa,
1098 612 1151 655 seu
1164 613 1238 657 vera
1246 603 1328 672 sunt,
1342 612 1422 654 con·

387 680 500 757 ‘sules‚
525 688 631 761 parata
654 675 737 736 vobis
750 675 853 757 plebes
863 676 967 754 est,si,
990 679 1148 741 connubiis
1170 679 1306 758 redditis,
1324 698 1421 744 unam

386 766 490 826 ‘hanc
506 763 658 825 civitatem
669 761 798 824 tandem
821 760 921 822 facitis
929 784 940 839 3
955 763 981 823 si
1006 765 1186 844 coalescere,
1203 767 1230 828 si
1240 766 1330 848 jungi
1344 766 1422 829 mb-

385 852 529 931 ‘cerique
540 849 625 910 vobis
645 847 770 931 privatis
784 847 1055 911 necessitudinibus
1069 865 1215 933 possunt;
1238 854 1265 914 si
1284 874 1363 937 spes,
1389 853 1419 914 si

383 939 395 971 ‘
409 936 508 998 aditus
520 935 560 997 ad
581 936 711 997 honores
729 934 798 995 viris
809 934 937 996 snenuis
951 946 984 995 et
997 935 1128 1000 sortibus
1138 940 1241 1018 datur,
1257 939 1327 1002 siin
1341 960 1418 1001 con·

382 1024 394 1058 ‘
409 1022 512 1101 sertio,
523 1022 547 1082 si
561 1022 591 1083 in
603 1022 750 1083 societate
763 1020 934 1104 reipublice
948 1042 1024 1100 esse,
1034 1023 1071 1101 si,
1080 1026 1163 1105 quod
1170 1046 1261 1109 teque
1271 1026 1421 1089 libertatis

381 1110 393 1143 ‘
404 1119 462 1187 est,
473 1112 500 1149 ³⁵
514 1109 545 1170 in
560 1110 656 1171 vicem
669 1109 774 1170 annuis
786 1107 1011 1189 magistratibus
1022 1130 1128 1192 parere
1143 1122 1234 1193 atque
1244 1113 1420 1195 imperitare

382 1195 489 1258 ‘licet
514 1192 547 1257 Si
566 1198 629 1259 haec
646 1196 780 1279 inpediet
792 1195 910 1277 aliquis,
926 1195 1002 1258 ferte
1014 1196 1215 1276 sermonibus,
1231 1199 1419 1283 etmultipli-

381 1285 392 1316 ‘
407 1296 475 1345 cate
492 1283 575 1345 fama
585 1284 686 1361 bella;
713 1303 803 1345 nemo
817 1294 864 1344 est
878 1303 990 1344 nomen
998 1283 1134 1363 daturus,
1149 1305 1239 1346 nemo
1249 1306 1419 1369 mmacap-

381 1371 392 1403 ‘
407 1382 500 1449 turus,
511 1370 804 1433 nemodimicaturus
813 1390 869 1452 pro
880 1370 1418 1452 superbisdominis‚cumquibusnec

382 1458 392 1489 ‘
407 1457 438 1518 in
451 1479 482 1518 re
494 1458 781 1540 publicahonomm,
791 1478 848 1517 nec
859 1456 892 1517 in
904 1457 1023 1539 privata
1031 1458 1174 1519 connubii
1186 1458 1317 1521 societas
1329 1457 1394 1521 est’
1415 1492 1419 1499 ·

424 1542 478 1605 Vl.
501 1544 603 1614 Quum
615 1546 644 1605 in
657 1545 834 1606 concionem
845 1555 878 1605 et
888 1545 1028 1606 consules
1044 1545 1271 1627 processissent,
1290 1557 1323 1607 et
1336 1567 1384 1607 res
1398 1568 1420 1607 a

382 1631 533 1714 perpetuis
555 1632 740 1693 orationibus
752 1632 783 1692 in
799 1631 1027 1694 altercationem
1036 1632 1174 1693 vertisset
1183 1653 1194 1708 ;
1219 1632 1419 1714 interroganti

382 1719 513 1797 tribuno,
528 1718 600 1781 ‘cur
611 1718 763 1802 plebeium
775 1718 931 1780 consulem
942 1718 1005 1780 fieri
1017 1739 1079 1781 non
1089 1729 1246 1799 oporteret
1257 1715 1281 1778 l’
1304 1731 1340 1780 ut
1353 1718 1417 1782 ior·

383 1816 464 1867 tasse
473 1826 552 1883 vere,
562 1806 604 1868 sic
617 1826 722 1889 pamm
734 1804 850 1868 utiliter
861 1806 893 1866 ih
905 1826 1034 1888 presens
1043 1817 1196 1867 certamen
1206 1808 1233 1845 ³⁸
1249 1804 1415 1885 respondit,

342 1960 345 1965 ,
383 1891 491 1972 ‘quod
506 1912 597 1965 nemo
617 1892 749 1976 plebeius
773 1893 908 1975 auspicia
931 1892 1063 1967 haberet.
1081 1891 1210 1972 ideoque
1229 1890 1415 1953 decemviros

383 1977 395 2009 ‘
409 1980 591 2041 connubium
607 1980 771 2059 diremisse,
782 2000 821 2042 ne
832 1980 951 2042 ineerta
962 1979 1046 2062 prole
1055 1978 1190 2061 auspicia
1203 1976 1413 2040 turbarentur.’
1446 2024 1450 2032 .

384 2063 491 2126 Plebes
507 2065 546 2127 ad
561 2065 592 2127 id
607 2060 739 2129 manime
763 2066 973 2149 indignatione
995 2066 1117 2144 exarsit,
1147 2065 1230 2147 quod
1255 2064 1415 2147 auspicari,

385 2162 542 2234 tamquam
556 2153 642 2215 invisi
653 2152 721 2215 Diis
736 2154 955 2232 inmortalibus,
970 2164 1150 2235 negarentur
1164 2172 1265 2235 posse.
1278 2172 1336 2213 nec
1345 2163 1418 2213 ante

384 2238 453 2301 finis
481 2240 709 2303 contentionum
737 2241 805 2319 fuit,
830 2241 935 2322 (quum
969 2252 1001 2302 et
1040 2239 1193 2302 tribunum
1239 2238 1419 2300 acerrimum

385 2338 538 2389 auctorem
562 2328 665 2411 plebes
680 2338 701 2367 ¹²¹
717 2340 809 2391 nacta
837 2340 926 2405 esset,
948 2339 980 2390 et
1000 2327 1067 2410 ipsa
1094 2346 1164 2387 cum
1190 2346 1228 2387 eo
1251 2324 1418 2408 muscia

386 2412 526 2491 certaret)
553 2435 644 2495 quam
659 2416 729 2476 victi
745 2415 869 2477 tandem
885 2414 998 2491 Patres,
1020 2425 1056 2475 ut
1069 2413 1108 2475 de
1122 2412 1419 2489 connubioserretur,

384 2519 585 2561 consensere:
608 2501 657 2562 ita
674 2502 807 2561 maxime
828 2502 886 2564 rati
901 2501 1129 2563 contentionem
1146 2499 1186 2560 de
1201 2499 1326 2581 plebeiis
1344 2519 1418 2561 con·

384 2584 497 2647 solibus
525 2586 673 2649 tribtmos¹
695 2598 748 2650 aut
772 2598 871 2650 totam
894 2587 1097 2671 deposituros,
1135 2597 1189 2649 aut
1211 2598 1281 2670 post
1307 2585 1418 2647 bellum

384 2671 529 2734 dilaturos
559 2693 649 2752 esse3
701 2685 936 2756 contentamque
968 2676 1090 2738 interim
1119 2675 1274 2737 connubio
1298 2673 1417 2756 plebem

377 2769 521 2841 ‘paratam
537 2758 665 2823 delectui
681 2760 756 2822 iore.
778 2760 879 2830 Quum
893 2760 1066 2839 Canuleius,
1083 2762 1211 2824 victoria
1224 2761 1262 2822 de
1280 2758 1416 2821 Patribus

383 2855 415 2906 et
429 2845 524 2928 plebis
543 2846 645 2908 lavore
658 2847 764 2929 ingens
779 2861 870 2927 esset,
881 2849 999 2910 accensi
1016 2849 1067 2913 alii
1081 2849 1196 2912 tribuni
1212 2847 1250 2909 ad
1263 2859 1417 2909 certamen

381 2952 438 3014 pro
454 2933 611 3014 rogatione
631 2955 686 2996 sua
699 2955 818 2997 summa
838 2935 867 2996 vi
883 2946 1032 3017 pugnant,
1054 2947 1098 3014 et,
1120 2945 1275 2998 crescente
1292 2933 1324 2994 in
1339 2931 1435 2997 ,dies'

337 3039 344 3052 ·
381 3017 567 3099 famabelli,
591 3020 741 3084 delectum
764 3022 933 3105 inpediunt.
973 3021 1130 3101 Consules,
1163 3043 1257 3105 quum
1287 3041 1339 3104 per
1369 3040 1419 3081 se-

381 3117 497 3186 natum,
530 3107 785 3171 intercedentibus
815 3109 954 3186 tribunis,
984 3109 1060 3171 nihil
1084 3110 1134 3191 agi
1158 3120 1272 3192 posset,
1294 3106 1420 3170 consilia

380 3194 549 3278 principum
578 3195 660 3258 domi
698 3195 863 3260 habebant.
892 3196 1069 3280 adparebat,
1106 3206 1160 3257 aut
1188 3195 1338 3273 hostibus,
1369 3205 1420 3256 aut

381 3281 495 3344 civibus
519 3283 557 3344 de
580 3283 707 3346 victoria
732 3283 962 3346 concedendum
975 3304 1049 3345 esse.
1073 3279 1137 3344 Soli
1159 3303 1198 3344 ex
1212 3281 1419 3344 consudaribus

379 3363 518 3430 Valerius
546 3379 638 3451 atque
652 3368 800 3434 Horatius
815 3391 877 3432 non
892 3372 1059 3434 intererant
1079 3369 1224 3432 consiliis.
1247 3367 1284 3430 C.
1300 3367 1421 3430 Claudii

380 3455 532 3516 sententia
569 3456 706 3518 consules
749 3458 887 3520 armabat
924 3458 956 3518 in
999 3457 1155 3519 tribunos:
1194 3455 1420 3531 Quinctiorum,

381 3533 614 3622 Cincinnatique
635 3541 867 3626 etCapitolini,
888 3543 1045 3606 sententia
1066 3543 1272 3605 abhorrebant
1298 3541 1422 3602 aceede

379 3623 598 3707 violandisque,
625 3648 711 3708 quos,
737 3630 850 3692 foedere
876 3630 939 3692 icto
974 3650 1045 3692 cum
1073 3629 1175 3712 plebe,
1209 3637 1420 3689 sacrosanctos

212 3714 368 3796 matteum
380 3713 578 3796 accepissent.
622 3714 678 3777 Per
700 3717 764 3778 haec
795 3717 922 3780 consilia
944 3737 982 3779 eo
1003 3716 1135 3779 deducta
1157 3735 1204 3777 res
1231 3725 1288 3791 est,
1309 3723 1345 3773 ut
1362 3711 1424 3780 tri·,

213 3782 326 3899 ”⁰⁰:3¹2ss
381 3800 476 3862 bunos
504 3800 636 3866 milimm
656 3802 807 3865 consulari
839 3814 992 3886 potestate
1020 3803 1191 3886 promiscue
1215 3821 1255 3861 ex
1277 3797 1421 3861 Patribus

210 3857 250 3910 Ν
327 3885 334 3900 “
378 3908 415 3949 ac
435 3888 524 3972 plebe
562 3889 656 3952 creari
692 3890 847 3967 sinerent3
885 3890 924 3952 de
956 3889 1128 3953 consulibus
1165 3884 1302 3950 creandis
1340 3885 1420 3948 nihil

377 3987 553 4040 mutaretur.
585 3997 680 4058 eoque
712 3975 848 4038 contenti
887 3976 1011 4056 tribuni,
1047 3986 1191 4040 contenta
1226 3971 1313 4055 plebs
1348 3971 1419 4036 fuit.

290 4139 297 4156 Ι
378 4059 511 4128 Comitia
548 4063 676 4128 tribunis
698 4062 848 4125 consulari
869 4074 1024 4146 potestate
1047 4063 1141 4128 tribus
1163 4057 1300 4124 creandis
1334 4056 1418 4122 indi·

771 4201 788 4230 Ν
797 4195 939 4259 uenatu.
949 4196 1019 4247 Cres.
1075 4205 1080 4222 ·

273 4356 277 4368 .
334 4325 335 4330 ’
406 4312 807 4385 ”Immnmgtsrauluq
833 4321 879 4369 Per
941 4318 1109 4387 ³⁶qude
1134 4317 1260 4370 &nmium
1281 4315 1423 4366 tltenffi

372 4381 878 4449 rnnmnagistratus‚snnuoshonores,qui
908 4386 973 4436 malis
991 4387 1149 4440 eszctorioo
1158 4383 1421 4447 malumm-
1524 4433 1532 4444 .

371 4444 522 4509 perplebeios
535 4462 561 4496 ac
575 4450 876 4511 pumoevelurinorben
906 4454 997 4505 tow.

372 4510 814 4580 suammetimertnnricissln.
868 4557 873 4571 .
