3175 5200
523 407 604 470 mn.
616 405 657 468 X.
679 405 762 468 cltl’.
774 405 861 468 xm.
1155 413 1215 469 ool
1281 473 1285 480 ,

169 563 323 628 reticeret.
368 559 491 644 Quippe
511 559 544 636 in
568 559 666 624 oculis
680 575 748 624 eret
761 559 863 624 omnis
881 557 937 624 ille
960 558 1075 624 secuti
1095 571 1222 645 penem
1231 585 1377 641 mnan,
1391 599 1413 608 -·

30 639 37 667 ⁵
172 650 264 728 socri,
287 660 320 712 et
340 649 451 712 armati
473 645 658 725 sacerdotes,
686 657 719 708 et
741 646 915 730 promiscua
940 646 1098 711 hominnm
1127 651 1371 731 pecu-oms&
1407 699 1414 708 ,

171 737 305 818 dumque
330 745 460 817 strages,
484 744 517 794 et
538 753 680 816 resperne
704 731 831 796 cmm
859 732 1052 815 nennooqus
1073 735 1222 816 sunguine

30 805 37 838 ²
171 843 242 902 srae,
260 835 293 886 et
313 823 381 884 diro
405 820 587 898 exsecretio,
602 841 639 882 sc
654 819 761 882 luriole
776 840 913 898 cmmen,
926 819 1115 882 detmmndoe
1128 820 1221 884 ismi-

171 909 220 974 lis
245 908 393 992 stirpique
424 906 641 991 compositum
663 906 710 968 his
725 906 855 968 vinculis
884 906 963 990 firgo
990 907 1131 970 obstricti
1155 919 1223 970 ιιι·

170 997 258 1074 bunt,
273 995 370 1058 civem
386 995 495 1076 magis,
512 1013 603 1075 quem
619 993 752 1070 hostem,
774 993 931 1056 timentes.
967 989 1086 1056 lnsture
1106 992 1222 1058 Romu·

171 1103 230 1146 nus
244 1103 264 1144 o
277 1099 373 1144 cornu
396 1092 536 1162 utroque,
562 1079 694 1142 smedie
705 1080 782 1157 scie,
797 1092 831 1144 et
844 1079 959 1142 credere
972 1077 1110 1143 Deorum
1120 1079 1224 1144 borni·

30 1177 32 1214 ι
169 1187 303 1250 numque
318 1167 475 1231 adtonitos
491 1178 585 1230 mem.
608 1176 793 1248 repugnetur
814 1165 961 1247 segrtiter,
980 1177 1016 1229 ut
1029 1167 1068 1228 ab
1083 1167 1131 1245 iis,
1145 1187 1223 1248 quos

30 1285 32 1302 ι
171 1255 265 1316 timor
279 1265 450 1316 moraretur
465 1274 485 1314 s
510 1253 591 1334 lugu.
613 1249 687 1314 Jom
703 1273 799 1336 prope
823 1251 865 1314 sd
890 1253 980 1333 signu
1002 1253 1100 1316 eredes
1115 1273 1222 1335 perve-

171 1352 270 1419 nerat,
286 1359 379 1422 quum
395 1361 435 1402 ex
454 1351 627 1403 transverso
652 1339 759 1430 pulvis,
785 1339 869 1402 velut
882 1338 1014 1420 ingentis
1029 1340 1160 1422 sgminis
1174 1340 1223 1402 in·

171 1448 260 1489 cesso
283 1439 396 1504 metm,
429 1427 579 1510 sdpsmit.
623 1422 678 1508 Sp.
697 1422 831 1488 ,Nautim
867 1424 1043 1505 (Octavium
1088 1424 1223 1490 Metim

30 1505 33 1516 ’
172 1513 296 1596 qnidsm
311 1533 382 1576 eum
394 1513 531 1592 trudunt)
550 1512 612 1574 dux
634 1511 767 1574 cleribus
787 1512 965 1574 cohortibus
978 1526 1055 1575 eret.
1067 1513 1223 1596 pulverem

171 1597 1225 1767 lllttmlllfbtlmtmlttffitfflffii‘{3¹¹⁸

172 1793 231 1854 que
258 1791 313 1854 per
337 1771 491 1834 turbidum
514 1772 613 1834 lucem
635 1771 666 1832 in
687 1771 787 1851 primo
809 1771 1019 1851 udpnrebunt:
1042 1782 1114 1853 post
1132 1771 1224 1834 ultior

33 1896 36 1914 .
167 1859 356 1938 ‚deminrque
370 1855 467 1939 pulvis
489 1857 624 1938 equitum
639 1854 773 1938 speciem
799 1856 976 1936 cogentium
992 1876 1102 1938 agmen
1117 1856 1224 1919 debut.

172 1941 352 2024 Felellitque
378 1963 441 2005 non
465 1939 619 2004 Samnites
649 1941 753 2019 modo,
776 1942 831 2002 sed
855 1942 951 2004 etium
977 1940 1154 2004 Romanosz
1190 1954 1224 2006 et

171 2030 279 2091 consul
293 2028 466 2092 adfirmavit
487 2047 633 2104 errorem,
656 2027 819 2088 clamitans
844 2027 924 2091 inter
945 2027 1046 2108 prims
1058 2027 1158 2110 signe,
1176 2027 1223 2092 its

171 2127 207 2178 ιιι
220 2134 281 2195 ron¹
295 2115 389 2176 etism
410 2114 451 2176 sd
463 2115 565 2176 hostes
581 2112 745 2190 accideret,
760 2114 770 2145 ‘
785 2125 911 2196 coptum
926 2111 1112 2193 Cominium,
1123 2114 1221 2178 victo-

171 2201 263 2264 ‘rem
288 2200 437 2282 collegam
468 2199 574 2262 adesse
586 2222 596 2276 3
624 2199 836 2262 adniterentur
864 2201 986 2262 viricere
1014 2201 1109 2282 prius,
1127 2221 1221 2282 quum

30 2321 32 2340 ι
170 2287 295 2371 ‘glorio
317 2287 441 2350 ulterius
457 2286 608 2348 exercitos
630 2281 733 2348 lieret?
772 2283 847 2348 Hme
867 2286 1002 2349 insidens
1025 2307 1117 2368 equo.
1147 2288 1221 2350 inde

173 2373 303 2437 tribunis
323 2373 611 2454 eenmrionibusque
626 2371 768 2454 imperet,
786 2386 824 2435 ιιι
836 2373 938 2436 vium¹
959 2373 1112 2454 equitibus
1120 2385 1222 2458 pete·

172 2461 298 2523 froiam.
337 2458 406 2544 lpse
428 2457 584 2522 Trebonio
607 2456 801 2540 Caedieioque
825 2459 1015 2542 predixerat,
1040 2470 1086 2539 ut,
1114 2460 1168 2523 nbi
1186 2481 1222 2523 se

172 2547 332 2631 cuspidem
352 2559 487 2611 erectum
502 2545 689 2629 quatientem
713 2545 873 2625 vidissent,
902 2557 1020 2629 quantu
1040 2547 1220 2611 mammeri

171 2646 308 2719 possent,
322 2634 516 2697 concitarent
525 2633 642 2715 equites
653 2633 686 2695 in
696 2634 829 2697 bostem.
855 2632 908 2696 Ad
922 2644 1031 2697 nutum
1049 2634 1166 2715 omnio,
1186 2647 1222 2697 ut

172 2742 212 2783 ex
227 2732 299 2783 onte
314 2730 495 2806 praepsroto,
514 2720 602 2782 liunt.
630 2720 806 2803 panduntur
823 2720 905 2783 inter
918 2721 1040 2783 ordines
1053 2722 1128 2783 risse
1149 2742 1223 2805 pro-

171 2808 256 2870 rolst
274 2827 377 2891 eques,
398 2818 490 2889 etque
504 2806 623 2869 infestis
637 2806 813 2889 cuspidibus
827 2807 861 2869 in
872 2806 1007 2870 medium
1021 2826 1133 2889 omnen
1147 2808 1222 2871 bos·

170 2894 249 2957 tium
269 2894 350 2971 ruit3
371 2892 599 2976 perrumpitque
613 2892 747 2971 ordines,
766 2912 957 2975 quecumque
971 2893 1109 2975 inpetum
1125 2893 1222 2959 dedit.
1350 2906 1354 2913 '

172 2979 291 3042 instent
304 2976 486 3041 Volumnius
510 2988 543 3039 et
558 2974 674 3059 Scipio,
700 2989 733 3039 et
757 2978 913 3058 perculsos
932 2988 1085 3041 sternunt.
1127 2978 1373 3059 tummim.

167 3062 235 3145 jorn
254 3062 391 3126 Deorum
415 3062 635 3143 bominumque
653 3062 788 3140 victori,
817 3062 983 3127 lundunm
1009 3063 1144 3127 liscum
1164 3062 1303 3131 ιιι-Μ’·
1405 3068 1413 3082 ’

173 3151 297 3213 ιιοιιοιι
326 3149 441 3232 puriter
457 3146 552 3230 jursti
581 3146 764 3231 injurstiqus
788 3148 921 3231 lugiunt,
942 3170 1001 3215 nec
1025 3170 1221 3234 quemquem,

172 3248 281 3319 praeter
301 3236 416 3313 hostes,
442 3244 592 3297 metuunt.
620 3234 792 3297 ‘’Peditum
817 3256 941 3318 ιςιιιειι,
964 3238 1047 3318 qnod
1071 3238 1222 3321 superfuit
1328 3266 1331 3273 ·

172 3342 293 3405 pugne,
316 3323 349 3384 in
374 3334 475 3385 cestro
503 3320 544 3383 rd
566 3320 764 3402 Aquilonium
778 3323 969 3405 compulsum
991 3335 1051 3387 est.
1075 3324 1221 3389 nobilius

172 3409 348 3493 equitesque
357 3406 527 3471 Βοιὶιιιιιιιτι
540 3407 737 3490 persugerunt
750 3430 759 3471 ι
783 3409 900 3490 equites
909 3429 1002 3491 eques
1010 3410 1156 3493 sequitm,
1164 3432 1221 3496 pe·

172 3495 269 3558 ditem
284 3495 400 3579 pedess
423 3514 460 3556 se
476 3494 594 3563 diverso
609 3514 733 3573 comus,
749 3495 890 3558 dextrum
912 3496 954 3557 sd
977 3505 1080 3559 cestro
1097 3493 1222 3561 Somni·

30 3602 33 3633 ι
87 3576 96 3591 “
174 3582 263 3660 tium,
287 3580 392 3645 lerum
416 3580 456 3643 ud
474 3580 582 3643 urbem
606 3580 716 3643 tendit
760 3579 846 3643 Prior
867 3582 1025 3663 eliquanto
1039 3580 1222 3649 Volumnius

172 3680 275 3731 cestro
288 3668 391 3751 sepite
414 3667 455 3729 sd
477 3666 585 3730 urbem
611 3662 747 3751 Scipioni
767 3664 885 3750 majore
909 3669 1061 3733 resistimr
1084 3670 1135 3747 ri,
1157 3692 1222 3735 non
1315 3718 1319 3726 .

173 3755 245 3835 quin
259 3754 326 3838 plus
347 3754 441 3815 nnirni
465 3753 553 3817 victis
578 3763 635 3832 cst,
661 3754 716 3815 sed
738 3754 848 3816 melius
872 3756 962 3834 muri,
983 3776 1077 3837 qoem
1095 3756 1222 3837 rollum,

173 3854 308 3903 srmstos
331 3853 447 3903 arcent.
468 3838 541 3903 inde
563 3838 716 3923 lapidibus
729 3840 910 3925 propulsent
929 3842 1061 3905 bostem.
1104 3840 1222 3927 Scipio,

172 3926 231 3989 nisi
251 3928 285 3991 in
307 3927 407 4011 prime
426 3946 551 4010 pavore,
574 3926 751 4010 priusqusm
765 3928 997 4011 conlegerenmr
1011 3928 1106 3993 enimi
1121 3941 1224 3995 ιηιιι·

579 4080 738 4135 *sissGrsn
750 4083 821 4139 cm.

30 4458 33 4483 *
202 4468 227 4509 Φ
243 4470 350 4551 Perimes
379 4420 545 4541 rig-swrbi
568 4474 680 4541 noprffdr
711 4411 1002 4529 etlinxx’rtw

168 4536 264 4603 pugn]
279 4536 389 4588 rurs·
412 4556 505 4604 qm,
523 4554 571 4591 noo
592 4553 681 4607 mum,
