3175 5200
368 295 429 350 alo
793 277 878 338 'rm
897 276 1001 336 mvn
1087 308 1094 316 ·

202 444 277 564 st
285 445 344 561 33ζὲ
370 447 499 519 totoque
511 457 641 520 corpore
661 439 691 476 ὅ·
700 435 827 498 interior
839 433 976 516 periano
990 431 1120 495 vulneris
1134 434 1245 535 iaetus,
1264 433 1433 536 iusim

335 541 343 561 ·
371 535 418 586 eet
433 545 466 586 se
481 535 560 585 mter
575 543 685 606 comus
701 541 855 603 armaque,
870 541 935 581 uno
947 520 1103 602 alteroque
1117 522 1248 582 subinde
1263 532 1331 584 retu
1344 543 1429 584 vm·

370 624 450 673 trem
469 621 561 691 atque
581 609 707 691 inguina
732 609 844 684 hausit,
868 618 899 667 et
923 607 956 668 in
982 606 1114 689 spatium
1140 608 1250 689 ingens
1275 621 1429 672 urentem

369 699 507 782 porrexit
522 698 652 758 hostem.
663 695 795 779 jacentis
810 694 883 755 inde
897 714 1016 776 corpus,
1035 696 1076 756 ab
1095 696 1181 758 omni
1201 695 1263 756 elia
1276 696 1429 759 sexano-

370 805 410 846 ne
432 785 593 860 intactum,
619 803 681 844 uno
699 795 811 863 torque
829 781 990 863 spoliavit:
1012 801 1104 861 quem
1123 802 1295 864 respersum
1309 803 1428 844 cruam

371 871 453 933 collo
479 869 681 932 circumdedit
708 890 773 930 suo.
816 866 974 928 Delixerat
999 887 1093 950 paror
1115 887 1186 929 cum
1212 869 1427 932 admiratione

370 955 486 1019 Gallos.
530 955 673 1034 Romani,
689 955 803 1016 alacres
818 956 857 1015 ab
878 954 1013 1016 statione
1027 955 1150 1016 obviam
1164 955 1256 1038 militi
1271 976 1327 1018 suo
1342 977 1424 1039 pro-

370 1043 687 1192 ttttbtlffl
716 1043 937 1190 limittit
960 1041 1426 1192 truttmunt

370 1217 444 1278 riter
459 1215 643 1297 joculantes,
669 1150 819 1296 Tbrqbati
842 1235 1015 1294 cognomen
1041 1149 1202 1292 audierim
1225 1215 1421 1277 celebratum

368 1302 481 1364 deinde
501 1304 630 1383 posteris
652 1301 746 1363 etiam
766 1300 948 1380 familiaeque
963 1301 1072 1364 honori
1087 1300 1156 1362 linit.
1199 1299 1343 1364 Dictator
1358 1323 1421 1364 eo·
1540 1362 1541 1389 ,

369 1409 476 1449 ronam
501 1409 624 1450 auream
645 1389 764 1450 addidit
782 1388 910 1465 donum,
935 1387 1082 1473 mirisque
1101 1408 1158 1469 pro
1177 1389 1326 1450 concione
1344 1407 1422 1450 eom

368 1495 504 1557 pugnam
520 1472 659 1536 laudibu's
674 1475 754 1536 tulit.

203 1589 300 1637 Gauiis
412 1558 468 1620 XI.
490 1559 541 1637 Et,
557 1559 701 1636 Hercule,
716 1562 793 1621 tanti
813 1581 851 1622 ea
871 1560 911 1620 ad
932 1558 1062 1619 universi
1082 1557 1154 1621 belli
1178 1571 1320 1622 eventum
1344 1576 1421 1622 mo-
1540 1536 1541 1605 l

201 1653 349 1718 &manua
368 1647 464 1708 menti
488 1646 646 1708 dimicatio
670 1645 738 1723 luit,
753 1660 788 1707 ut
802 1645 963 1707 Gallorum
978 1645 1128 1705 exercitus
1146 1645 1284 1726 proxima
1305 1659 1420 1725 nocte,
1540 1648 1541 1717 l

201 1728 331 1768 mm·
368 1734 482 1794 relictis
498 1732 616 1814 trepide
631 1733 749 1809 castris,
766 1733 797 1792 in
811 1730 972 1793 Tiburtem
988 1749 1103 1811 agrurn,
1117 1742 1205 1810 atque
1220 1731 1302 1808 inde,
1323 1734 1415 1792 soci·

370 1829 455 1880 etate
470 1819 541 1880 belli
564 1819 655 1896 facta,
675 1829 912 1899 commeatuque
931 1818 1064 1899 benigne
1078 1817 1115 1876 ab
1126 1814 1298 1878 'liburtibrn
1313 1817 1415 1898 adju·

370 1915 432 1983 tus,
459 1925 532 1966 mox
559 1905 590 1966 in
620 1903 821 1988 Campaniam
848 1904 1012 1966 transierit
1061 1901 1106 1964 Ea
1127 1903 1182 1964 luit
1206 1923 1319 1980 mussa,
1346 1925 1412 1965 cur

202 2015 343 2066 u.c.³95.
370 1991 512 2073 proximo
539 2009 619 2052 anno
648 1990 683 2052 C.
709 1991 851 2054 Poetelius
881 1989 996 2052 B‘albns
1026 1989 1140 2067 consul,
1161 2009 1251 2070 quum
1275 1990 1410 2072 college

202 2083 235 2130 A·
244 2080 274 2128 0·
284 2083 342 2156 3⁵3·
371 2076 437 2159 ejus
453 2077 501 2138 M.
517 2073 613 2139 Fabio
627 2077 777 2140 Ambusto
792 2076 920 2139 Hernici
936 2078 1095 2159 provincia
1117 2077 1272 2155 evenisset,
1294 2076 1409 2138 adver·

200 2144 422 2260 ffifflbeus
443 2163 586 2225 Tiburtes
608 2163 696 2245 jussu
721 2165 827 2246 populi
858 2165 1026 2225 exercitum
1053 2164 1187 2224 duceret
1213 2162 1252 2223 ad
1279 2183 1416 2245 quorum

202 2245 269 2327 cdo.
372 2251 519 2312 auxilium
542 2271 635 2338 quum
658 2249 739 2312 Galli
763 2272 803 2312 ex
827 2249 999 2334 Campania
1018 2251 1182 2327 redissent,
1204 2249 1290 2310 soedae
1311 2268 1420 2330 popu·

370 2339 499 2399 lotiones
521 2339 553 2398 in
577 2335 739 2416 lavicano,
764 2336 1010 2420 lbnculanoque,
1025 2349 1059 2398 et
1078 2336 1200 2398 Albano
1224 2355 1307 2418 agro,
1331 2335 1422 2397 baud

370 2424 463 2484 dubie
483 2421 663 2486 'liburtibus
687 2425 825 2502 ducibus,
848 2435 920 2485 sunt
944 2424 1041 2485 factae.
1084 2422 1135 2504 Fr,
1159 2443 1253 2506 quum
1273 2421 1421 2483 adversm

368 2507 529 2570 'liburiam
555 2510 675 2572 hostem
702 2510 780 2571 duce
804 2511 930 2571 consule
954 2521 1101 2572 contenta
1126 2509 1299 2591 respublica
1323 2520 1419 2586 esset,

203 2610 356 2666 &Sentius
368 2593 505 2657 Gallicus
526 2596 674 2658 turnultus
700 2597 881 2659 dictatorem
904 2598 1000 2659 creari
1024 2597 1135 2679 coegit.
1151 2609 1272 2659 creatus
1286 2595 1325 2667 Q.
1342 2593 1417 2657 Ser-

202 2678 306 2728 ffifflw‘·
369 2682 458 2743 vilius
474 2682 574 2745 Ahala
586 2680 625 2743 Τ.
643 2682 822 2752 Quinctium
849 2685 1031 2765 magistrum
1054 2685 1190 2767 equitum
1206 2684 1305 2760 dixit3
1330 2693 1420 2743 etex

369 2768 554 2830 auctoritate
568 2767 704 2847 Patrurn,
720 2770 744 2829 si
762 2788 907 2853 prospere
923 2770 955 2830 id
970 2772 1083 2832 bellum
1103 2771 1264 2848 evenisset,
1290 2773 1316 2809 ‘¹
1327 2769 1418 2830 ludos

371 2874 500 2936 magnos
521 2856 612 2916 vovit.
656 2855 809 2934 Dictator,
837 2858 877 2918 ad
899 2857 1101 2919 continendos
1119 2858 1245 2938 proprio
1260 2855 1344 2917 bello
1361 2854 1419 2917 'Ii-

371 2942 474 3003 burtes
511 2941 663 3003 consulari
693 2945 829 3004 exercitu
855 2941 943 3024 jusso
972 2962 1107 3021 manere,
1136 2964 1245 3005 omnes
1266 2941 1419 3025 juniores,

203 3044 284 3107 Paga·
293 3056 357 3093 atrox
368 3028 455 3089 nullo
471 3028 660 3090 detrectante
684 3031 836 3107 militiam,
862 3041 1054 3092 sac-ramento
1082 3030 1195 3111 adegit
1245 3028 1419 3111 Pugnatum
1540 3075 1542 3078 -

202 3126 258 3161 Μ
270 3110 350 3161 ⁶⁸¹5*
370 3114 453 3177 haud
469 3115 576 3198 procul
598 3128 689 3199 porta
711 3114 833 3179 Collina
853 3128 902 3177 est
922 3117 1017 3179 totius
1038 3117 1150 3178 viribus
1173 3116 1266 3194 urbis,
1288 3117 1321 3176 in
1344 3136 1422 3177 con·

370 3212 480 3283 spectu
502 3214 663 3284 parentum
684 3202 909 3287 conjugumque
940 3224 977 3265 ac
1010 3204 1183 3267 liberorum.
1203 3223 1271 3286 quae
1294 3223 1423 3284 magna,

370 3289 465 3349 etiarn
493 3290 680 3366 absentibus,
709 3292 903 3352 hortamenta
924 3290 1029 3369 animi,
1058 3303 1125 3352 tnm
1147 3288 1285 3371 subjecta
1310 3289 1421 3367 oculis,
1540 3283 1542 3298 ’

369 3374 462 3434 simul
505 3376 688 3437 verecundia
727 3376 996 3461 misericordiaque
1035 3378 1166 3440 militem
1200 3376 1424 3438 accendebant.

371 3456 492 3539 Magna
513 3462 664 3543 utrimque
686 3462 770 3525 edita
791 3463 884 3541 crede,
899 3464 1045 3526 avertitur
1066 3464 1194 3527 tandem
1215 3462 1297 3525 acies
1310 3460 1421 3525 Gallo-

371 3564 450 3605 rum.
473 3544 546 3625 luga
559 3544 666 3624 Tibur,
681 3551 709 3587 ‘²
719 3550 800 3611 sicut
821 3568 922 3610 arcem
933 3550 1008 3611 ‚belli
1023 3548 1145 3627 Gallici,
1156 3557 1291 3633 petiuit:
1317 3546 1419 3629 palati

369 3650 390 3693 a
404 3632 531 3693 consule
553 3629 680 3695 Poetelio
703 3634 785 3697 haud
808 3635 913 3717 procul
938 3633 1054 3698 'libure
1075 3638 1208 3720 excepti,
1228 3632 1350 3717 egressis
1373 3632 1421 3694 ad

369 3739 462 3800 opem
479 3718 636 3781 ferendam
650 3718 840 3799 Tiburtibus,
863 3723 953 3785 simul
968 3744 1039 3787 oum
1054 3724 1102 3787 hie
1118 3724 1200 3786 intra
1213 3734 1315 3806 portas
1328 3740 1421 3783 com·

369 3805 535 3889 pelluntur.
579 3805 710 3890 Egregie
732 3828 826 3893 quum
841 3810 881 3870 ab
896 3810 1058 3889 dictam,
1079 3822 1147 3871 tum
1169 3812 1209 3871 ab
1230 3807 1422 3871 consideres

402 3954 425 3993 ⁸⁹
445 3952 542 4003 laterior
560 3956 658 4018 periculo
677 3956 782 4019 nubam]
815 3956 879 4005 lunt
942 3957 964 3994 θ
981 3954 1057 4008 Inrdoe
1069 3958 1170 4025 augear]
1194 3956 1250 4006 Vid.
1267 3965 1317 4006 nat.
1330 3955 1371 4007 π.
1384 3950 1418 4003 «t

369 4022 443 4069 letam
459 4021 537 4083 ghdii,
553 4022 570 4069 ἰ.
581 4036 603 4069 e.
623 4021 712 4085 propior
727 4020 795 4079 bosri,
809 4036 879 4085 quara
909 4024 1009 4073 aaut
1019 4036 1054 4073 ru.

369 4097 397 4132 ut
414 4086 488 4145 gladio
504 4086 564 4149 ejus,
580 4088 619 4149 qui
635 4088 762 4151 praelongas
778 4100 837 4144 erar,
852 4102 879 4136 ae
941 4084 965 4121 ⁰⁹
994 4088 1060 4145 Sient
1081 4094 1156 4139 am
1183 4088 1235 4138 balli
1264 4084 1355 4141 (iffi
1375 4098 1421 4147 F·

368 4150 450 4198 casin
465 4160 556 4200 tantum
571 4152 678 4211 feriebat,
698 4162 775 4217 posset
796 4152 878 4203 vulne·
910 4150 976 4219 tart]
990 4154 1078 4203 Melius
1092 4153 1185 4202 ridetur
1202 4156 1226 4203 id
1240 4150 1301 4218 quod
1315 4150 1422 4217 Οιψ·

369 4212 424 4261 nti.
908 4230 953 4267 nus
969 4220 1055 4282 edun,
1068 4228 1095 4267 et
1117 4218 1188 4269 habet
1207 4234 1299 4284 quoque
1320 4230 1384 4265 unu
1402 4225 1420 4264 θ

399 4274 426 4311 ⁸⁰
441 4276 505 4326 later
526 4280 659 4343 monimum]
684 4280 754 4331 inter
771 4280 876 4346 joeaao.
908 4282 1174 4336 catalaunicum
1188 4298 1262 4336 m
1275 4283 1337 4348 att,
1355 4278 1424 4332 631

368 4352 406 4389 ter
413 4340 677 4459 mribmffdluammmira
693 4349 797 4412 ῳιᾱιω
807 4362 879 4415 prope
908 4357 996 4412 pam
1412 4350 1418 4364 ’

367 4420 497 4457 cuminum
809 4450 813 4457 .
872 4450 876 4455 .
1048 4436 1053 4443 -
1075 4434 1090 4442 υ
1120 4434 1141 4445 ·-
