3175 5200
515 314 592 375 LIB.
608 312 645 376 V.
664 314 747 376 CAP.
760 312 877 375 xxm.
1165 322 1224 380 81⁵

182 475 194 508 ‘
208 469 349 539 liceret¹.'
391 470 659 549 “Convertentem
673 474 707 537 io
727 475 806 537 inter
820 474 900 540 hanc
914 476 1151 556 redemtionem,
1160 489 1224 540 trs·
1237 484 1270 542 υ.
1282 486 1377 542 cuti.

184 564 265 627 ditur
279 564 441 641 memorie,
456 563 631 648 prolapsum
647 562 808 624 cecidisse:
830 562 921 643 idque
930 583 1021 625 omen
1043 566 1225 647 pertinuisse
1236 552 1269 605 Α·
1280 551 1308 602 ⁰·
1320 557 1376 607 ³⁹³·

116 672 121 682 ·
182 662 290 735 postea
318 662 427 713 eventu
452 669 516 712 rem
541 648 784 731 conjectantibus
807 648 903 711 vinnm
933 649 974 711 ed
997 651 1224 717 damnationem

183 738 276 820 ipsius
297 736 428 815 (lentilli,
443 748 541 819 capta
556 735 666 799 deinde
686 736 769 797 urbis
783 734 940 815 hurane,
960 737 1043 818 quod
1064 751 1135 821 post
1149 761 1225 823 psus

183 844 236 886 cos
252 826 364 888 accidit
377 843 483 904 canos,
499 824 629 891 cladem.
672 816 777 905 Altius
794 822 846 885 ille
863 823 929 884 dies
943 824 1027 886 ccede
1041 824 1174 891 hostimn
1188 848 1225 889 uc

185 910 249 973 dire
272 913 356 979 tione
367 912 449 979 urbis
461 911 697 995 opulentissimo
710 921 757 972 est
771 921 959 973 consumtum.

226 932 329 1067 illut.
352 996 477 1061 Postero
502 999 552 1063 die
576 998 671 1060 libera
699 1018 829 1080 corpora
851 996 983 1059 dictator
1004 999 1093 1061 “sub
1113 1020 1227 1066 corona

183 1086 329 1149 vendidit.
353 1106 390 1148 ea
409 1086 475 1148 sola
496 1083 627 1169 pecunia
649 1084 681 1147 in
708 1085 864 1167 publicum
882 1084 1042 1173 redigitur,
1063 1086 1146 1148 haud
1160 1088 1226 1151 slus

182 1172 229 1234 ira
244 1174 350 1256 plebia.
372 1184 404 1235 et
424 1173 506 1255 quod
530 1172 656 1235 retulere
679 1190 782 1233 secum
801 1170 917 1252 praedts,
941 1192 999 1233 neo
1012 1173 1094 1251 duci,
1118 1176 1170 1255 qui
1186 1177 1225 1242 od
1273 1244 1278 1253 ,

138 1338 142 1344 ¹
182 1272 333 1345 senatum,
359 1258 557 1341 malignitatis
584 1273 722 1321 auetones
745 1258 917 1341 querendo,
945 1280 1008 1329 rem
1033 1260 1149 1340 arbitrii
1180 1263 1224 1325 sini

183 1346 356 1429 rejecisset3
380 1366 436 1411 nec
461 1347 590 1424 senatui,
615 1346 669 1407 tad
700 1344 825 1412 Licinio
850 1345 982 1424 familiae,
1002 1367 1042 1408 err
1063 1368 1123 1429 qua
1147 1349 1225 1412 filius

183 1434 222 1495 od
237 1445 377 1498 senatum
392 1434 550 1512 retulisset,
573 1445 660 1517 peter
683 1444 748 1495 tem
767 1432 922 1515 popularis
947 1435 1104 1498 sententia
1119 1448 1227 1499 auctos

182 1521 297 1601 luisset,
331 1533 491 1604 acceptum
518 1520 698 1583 referebant.
756 1518 859 1591 Quum
889 1519 955 1603 jem
983 1520 1123 1585 humanm
1149 1544 1223 1607 opes

182 1620 292 1693 egestae
318 1630 336 1669 a
359 1606 442 1671 Veiis
464 1619 576 1684 essent,
608 1606 726 1679 emoliri
756 1618 822 1671 tum
844 1605 943 1669 Dellm
975 1608 1058 1669 dona
1083 1611 1351 1695 ipsosqusmtua

181 1692 275 1774 Deos,
297 1695 351 1757 sed
378 1694 542 1759 colentium
571 1684 680 1777 magis,
704 1714 794 1775 quam
816 1694 1010 1777 rapientium,
1032 1696 1137 1786 modo,
1158 1720 1223 1763 oon·
1236 1684 1311 1733 Μ·

182 1802 253 1865 pere
263 1802 274 1860 ς
297 1800 429 1863 numque
450 1782 559 1845 delecti
582 1802 622 1843 er
643 1781 727 1843 omni
749 1781 887 1847 exercitu
903 1779 1040 1866 juvenes,
1063 1804 1137 1867 puro
1156 1786 1223 1851 lsu·

181 1870 235 1931 tis⁸
261 1869 447 1953 corporibus,
472 1868 605 1931 candide
630 1882 723 1947 veste,
750 1869 859 1951 quibus
881 1868 1072 1952 deponenda
1092 1871 1223 1939 Romam

179 1954 300 2046 Regina
323 1954 406 2027 luno
435 1957 594 2039 adsignata
619 1968 695 2034 erat,
717 1956 920 2020 venenlnrndi
945 1958 1093 2040 templum
1118 1960 1223 2039 iniere,

69 2072 72 2076 v
125 2110 130 2121 ,
179 2044 279 2127 primo
298 2044 438 2126 religiose
459 2043 655 2105 admoventes
676 2063 804 2105 monus:
835 2044 975 2130 quodid
1000 2046 1120 2128 signum
1139 2067 1223 2109 mosa

181 2128 322 2210 Etnuseo,
348 2130 406 2192 nisi
436 2141 524 2193 certa
554 2129 652 2213 gentis
678 2131 829 2209 sacerdos,
860 2131 1030 2194 adtrectare
1043 2152 1117 2203 ,non
1142 2146 1224 2197 essa

181 2217 297 2279 solitus.
312 2217 384 2279 dein
400 2237 492 2300 quum
508 2218 642 2299 quidem,
657 2238 710 2279 seu
725 2217 832 2300 spiritu
848 2217 953 2280 divino
966 2229 1077 2298 tactus,
1099 2242 1153 2283 seu
1171 2220 1221 2303 ju·

180 2304 300 2367 venali¹¹
317 2303 400 2386 joco,
423 2302 536 2369 iVisne
559 2304 689 2366 Romam
709 2305 753 2366 ire
774 2301 892 2366 lunol'
923 2305 1059 2385 dixisset,
1082 2308 1222 2371 mouisse

178 2392 271 2455 ceteri
286 2389 384 2454 Deam
400 2392 684 2454 conclamaverunt:
708 2390 778 2453 inde
795 2389 903 2453 fabule
919 2391 1071 2472 adjectum
1086 2406 1144 2471 est,
1166 2416 1221 2456 so-

180 2500 248 2541 cem
263 2499 381 2562 quoque
396 2478 534 2556 dicentis,
551 2476 676 2555 ‘Velle',
691 2478 838 2539 auditam.
853 2490 970 2541 motam
984 2490 1066 2541 certe
1081 2480 1153 2542 sede
1168 2502 1224 2543 sua

181 2566 264 2650 perui
294 2564 463 2630 molimenti
490 2564 690 2642 adminiculis,
718 2564 905 2646 ⁸⁶sequentis
931 2565 1024 2627 modo
1050 2568 1223 2650 accepimus

180 2653 275 2716 lenem
298 2673 334 2715 ec
358 2652 478 2716 fecilenn
501 2653 650 2716 translatu
672 2651 781 2714 fuisse:
806 2652 1016 2734 integrumque
1041 2654 1073 2715 in
1098 2653 1223 2717 Auenti,

179 2761 263 2820 num,
290 2751 432 2802 aternam
462 2740 567 2801 sedem
593 2759 690 2816 suam,
720 2759 780 2820 quo
806 2750 878 2800 vota
907 2738 1038 2804 Romani
1065 2741 1223 2806 dictatoris

179 2838 370 2906 vocaverant,
386 2827 545 2910 perlatam,
560 2826 611 2888 ubi
627 2825 778 2910 templum¹
792 2826 821 2888 ei
837 2836 946 2908 posteo
956 2827 1050 2907 idem,
1070 2829 1122 2910 qui
1132 2851 1223 2891 vove·

181 2928 240 2992 ret,
262 2914 410 2977 Camillus
436 2911 598 2975 dedicavit.
642 2911 703 2974 Hic
729 2910 874 2977 Veiorum
900 2934 1026 2978 occasum
1048 2915 1115 2994 fair,
1140 2917 1223 2981 urbis

182 3001 416 3083 opulentissimae
438 2997 556 3060 Etrusci
581 2999 724 3077 nominis,
750 2999 992 3080 magnitudinem
1015 3021 1100 3062 suom
1114 3003 1162 3062 vel
1176 3003 1222 3063 ul-

181 3087 259 3149 tima
289 3086 377 3148 clade
404 3085 588 3146 indicentis:
618 3085 699 3168 quod
727 3085 867 3146 ⁸⁷dacem
899 3097 1020 3146 eamme
1050 3087 1224 3169 hiemesque

181 3175 339 3236 continuas
353 3173 560 3248 circumsessa,
584 3190 677 3251 quum
692 3169 759 3258 plus
780 3171 937 3252 aliquanto
950 3171 1084 3233 clodium
1104 3173 1223 3235 intulis-

181 3275 239 3340 set,
260 3280 351 3342 quem
369 3257 546 3339 accepisset,
569 3269 735 3339 postremo,
753 3254 820 3336 jorn
845 3255 910 3318 lato
933 3268 999 3320 tum
1024 3258 1153 3340 denique
1172 3281 1222 3322 ur·
1320 3317 1324 3326 ,

182 3359 284 3429 gente,
300 3346 440 3430 operibus
456 3355 571 3422 temen,
585 3363 647 3404 non
663 3343 702 3420 vi,
719 3356 894 3425 expugnato
907 3356 964 3406 est.
1158 3399 1161 3402 ,

224 3431 343 3496 XXlll.
367 3431 497 3494 Romam
519 3442 553 3494 ut
573 3430 750 3492 nunciatum
773 3443 831 3508 est,
851 3429 945 3493 Veios
970 3443 1089 3516 captos,
1113 3455 1222 3518 quam.

181 3543 271 3604 quem
290 3533 322 3583 et
342 3519 482 3604 prodigio
503 3529 665 3602 procurata
686 3517 815 3596 fucrant,
838 3530 871 3580 et
893 3531 997 3582 vatum
1016 3541 1169 3604 responsa,
1191 3533 1223 3585 et

180 3607 314 3693 Pythicas
328 3620 425 3670 sortes
447 3618 527 3668 notae
537 3628 547 3684 3
571 3617 613 3682 et,
638 3616 786 3686 quantum
807 3605 947 3668 humanis
967 3605 1100 3688 adjuvari
1121 3610 1222 3671 consi·

179 3697 226 3760 liis
247 3706 389 3780 potuerat
415 3713 473 3772 res,
502 3693 610 3754 ducem
638 3690 684 3753 M.
707 3691 841 3771 Furium,
869 3694 1035 3754 maximum
1058 3695 1222 3778 imperoto—

210 3839 220 3865 ·
230 3832 298 3880 lenire
307 3847 346 3879 suo
353 3833 439 3892 primo
448 3829 586 3890 incomnodo,
616 3843 666 3874 nom
676 3829 764 3874 missino
773 3827 859 3890 pisllioo
867 3827 943 3890 mpuli
955 3827 1049 3875 Rome
1058 3829 1138 3876 liceret.
1149 3829 1223 3877 Gron.

177 3897 247 3948 cres.
254 3897 326 3946 Doer.
334 3895 410 3959 populi
421 3893 514 3944 Ronmi
524 3894 594 3942 babet
634 3893 659 3940 S.
668 3892 748 3944 vem.
782 3895 849 3941 *loto
858 3892 932 3942 Grou.
942 3896 1012 3942 Cret.
1037 3895 1150 3954 'jurarit'
1159 3895 1224 3944 End.

208 4013 231 4048 ⁸⁴
249 4012 410 4066 &nutrimur
418 4007 449 4076 te]
471 4009 579 4064 Solebant
591 4007 687 4056 Romani
744 4009 766 4045 ⁸⁷
783 4006 863 4057 Dm
873 4016 954 4057 motet
968 4008 1084 4072 Ηαιαᾳν
1100 4009 1224 4077 mmm]

176 4090 228 4144 post
246 4078 387 4144 precationes
406 4089 539 4126 convertere
556 4089 581 4124 se
598 4087 623 4122 et
641 4074 686 4122 eir·
710 4073 764 4122 Veii
777 4074 868 4124 decimo
875 4073 969 4138 quidem
979 4085 1168 4137 mnoponquem
1179 4075 1221 4124 ob.

177 4159 296 4205 cumagere
311 4144 335 4191 in
353 4143 456 4192 dextram
466 4152 563 4206 partein,
580 4151 686 4198 uttestt·
711 4140 779 4188 sideri
797 4141 867 4204 cepti
889 4149 965 4196 crant,
986 4139 1015 4187 ni
1033 4137 1141 4188 Romanis
1162 4145 1222 4206 copti

158 4231 164 4240 =
178 4221 217 4258 tur
228 4209 288 4258 Plut.
299 4209 324 4264 in
334 4207 402 4259 Cam.
710 4215 773 4254 sunt.
798 4207 833 4255 At
844 4204 988 4253 lriberdttuls
998 4205 1067 4254 terrio
1077 4207 1170 4259 demum
1179 4209 1221 4256 ob·

210 4275 234 4310 ⁸⁸
249 4273 390 4338 tuem]
416 4273 472 4323 vin.
480 4273 575 4322 notit.
583 4271 609 4319 ad
618 4287 639 4321 c.
650 4273 686 4321 17.
711 4271 805 4322 aldionis
822 4286 884 4319 anno
905 4271 1010 4325 edifimi
1028 4284 1108 4336 empta.
1141 4273 1221 4338 ltaque

175 4339 194 4392 l.
207 4351 237 4390 n.
379 4339 381 4341 ’
710 4349 826 4394 octonoo
836 4337 915 4386 decem
923 4348 1014 4393 mnes
1023 4337 1221 4404 hiemesquecm.

209 4401 234 4438 ‘⁸⁸
245 4403 260 4434 ⁰
275 4403 385 4466 Quum
402 4405 475 4465 nom]
501 4403 621 4466 Tanquam
638 4417 685 4460 uon
709 4403 785 4456 tinuet
796 4397 1021 4458 nicomediam.

177 4471 316 4531 auferetur,
327 4467 370 4520 sed
380 4484 420 4520 rua
429 4479 508 4535 sponte
517 4479 660 4534 sequeretur.
