<?xml version="1.0" encoding="UTF-8"?>
<!DOCTYPE html PUBLIC "-//W3C//DTD XHTML 1.0 Transitional//EN"
    "http://www.w3.org/TR/xhtml1/DTD/xhtml1-transitional.dtd">
<html xmlns="http://www.w3.org/1999/xhtml" xml:lang="en" lang="en">
 <head>
  <title>
</title>
<meta http-equiv="Content-Type" content="text/html;charset=utf-8" />
  <meta name='ocr-system' content='tesseract 3.04.00' />
  <meta name='ocr-capabilities' content='ocr_page ocr_carea ocr_par ocr_line ocrx_word'/>
</head>
<body>
  <div class='ocr_page' id='page_1' title='image "./tliviipatavinih03grongoog_0548.png"; bbox 0 0 3175 5200; ppageno 0'>
   <div class='ocr_carea' id='block_1_1' title="bbox 455 367 1122 435">
    <p class='ocr_par' dir='ltr' id='par_1_1' title="bbox 455 367 1122 435">
     <span class='ocr_line' id='line_1_1' title="bbox 455 367 1122 435; baseline 0.004 -3"><span class='ocrx_word' id='word_1_1' title='bbox 455 373 513 432; x_wconf 80' lang='lat' dir='ltr'>ttt</span> <span class='ocrx_word' id='word_1_2' title='bbox 842 367 949 433; x_wconf 79' lang='lat' dir='ltr'>‘&#39;l&#39;l‘l&#39;l</span> <span class='ocrx_word' id='word_1_3' title='bbox 969 370 1037 428; x_wconf 77' lang='lat' dir='ltr'>HV</span> <span class='ocrx_word' id='word_1_4' title='bbox 1040 369 1070 430; x_wconf 83' lang='lat'>11</span> <span class='ocrx_word' id='word_1_5' title='bbox 1116 385 1122 435; x_wconf 79' lang='grc' dir='ltr'>ἶ</span> 
     </span>
    </p>
   </div>
   <div class='ocr_carea' id='block_1_2' title="bbox 260 517 1547 3545">
    <p class='ocr_par' dir='ltr' id='par_1_2' title="bbox 260 517 1504 1202">
     <span class='ocr_line' id='line_1_2' title="bbox 282 517 1504 606; baseline -0.001 -19"><span class='ocrx_word' id='word_1_6' title='bbox 282 533 426 606; x_wconf 48' lang='lat' dir='ltr'>uenatu</span> <span class='ocrx_word' id='word_1_7' title='bbox 499 517 600 584; x_wconf 88' lang='lat' dir='ltr'>XVII.</span> <span class='ocrx_word' id='word_1_8' title='bbox 629 519 718 584; x_wconf 90' lang='lat' dir='ltr'>Nihil</span> <span class='ocrx_word' id='word_1_9' title='bbox 739 521 840 584; x_wconf 82' lang='lat' dir='ltr'>minus</span> <span class='ocrx_word' id='word_1_10' title='bbox 870 523 1027 602; x_wconf 70' lang='lat' dir='ltr'>quaesitum</span> <span class='ocrx_word' id='word_1_11' title='bbox 1058 544 1079 599; x_wconf 86' lang='lat' dir='ltr'>a</span> <span class='ocrx_word' id='word_1_12' title='bbox 1107 523 1259 606; x_wconf 83' lang='lat' dir='ltr'>principio</span> <span class='ocrx_word' id='word_1_13' title='bbox 1280 522 1381 605; x_wconf 83' lang='lat' dir='ltr'>hujus</span> <span class='ocrx_word' id='word_1_14' title='bbox 1405 526 1504 606; x_wconf 81' lang='lat' dir='ltr'>operis</span> 
     </span>
     <span class='ocr_line' id='line_1_3' title="bbox 280 601 1502 691; baseline 0.002 -21"><span class='ocrx_word' id='word_1_15' title='bbox 280 603 318 680; x_wconf 55' lang='lat' dir='ltr'>n,</span> <span class='ocrx_word' id='word_1_16' title='bbox 329 601 360 654; x_wconf 74' lang='lat'>⁰·</span> <span class='ocrx_word' id='word_1_17' title='bbox 369 606 428 684; x_wconf 64' lang='lat' dir='ltr'>31J.</span> <span class='ocrx_word' id='word_1_18' title='bbox 455 607 549 672; x_wconf 81' lang='lat' dir='ltr'>rideri</span> <span class='ocrx_word' id='word_1_19' title='bbox 564 620 678 691; x_wconf 87' lang='lat' dir='ltr'>potest,</span> <span class='ocrx_word' id='word_1_20' title='bbox 700 627 791 688; x_wconf 84' lang='lat' dir='ltr'>quam</span> <span class='ocrx_word' id='word_1_21' title='bbox 815 609 942 690; x_wconf 89' lang='lat' dir='ltr'>utplus</span> <span class='ocrx_word' id='word_1_22' title='bbox 961 607 1046 690; x_wconf 86' lang='lat' dir='ltr'>justo</span> <span class='ocrx_word' id='word_1_23' title='bbox 1065 610 1104 670; x_wconf 84' lang='lat' dir='ltr'>ab</span> <span class='ocrx_word' id='word_1_24' title='bbox 1119 631 1219 672; x_wconf 89' lang='lat' dir='ltr'>rerum</span> <span class='ocrx_word' id='word_1_25' title='bbox 1233 610 1347 677; x_wconf 78' lang='lat' dir='ltr'>ordine</span> <span class='ocrx_word' id='word_1_26' title='bbox 1365 610 1502 673; x_wconf 65' lang='lat' dir='ltr'>decline</span> 
     </span>
     <span class='ocr_line' id='line_1_4' title="bbox 260 663 1503 782; baseline 0.002 -26"><span class='ocrx_word' id='word_1_27' title='bbox 260 663 427 782; x_wconf 59' lang='lat' dir='ltr'>&#39;ffiffl</span> <span class='ocrx_word' id='word_1_28' title='bbox 453 715 542 772; x_wconf 87' lang='lat' dir='ltr'>rem;</span> <span class='ocrx_word' id='word_1_29' title='bbox 564 693 820 778; x_wconf 81' lang='lat' dir='ltr'>varietatibusque</span> <span class='ocrx_word' id='word_1_30' title='bbox 836 693 1050 776; x_wconf 88' lang='lat' dir='ltr'>distinguendo</span> <span class='ocrx_word' id='word_1_31' title='bbox 1073 716 1173 779; x_wconf 84' lang='lat' dir='ltr'>opere,</span> <span class='ocrx_word' id='word_1_32' title='bbox 1195 697 1431 777; x_wconf 79' lang='lat' dir='ltr'>etlegentibus</span> <span class='ocrx_word' id='word_1_33' title='bbox 1445 699 1503 758; x_wconf 84' lang='lat' dir='ltr'>rel·</span> 
     </span>
     <span class='ocr_line' id='line_1_5' title="bbox 284 779 1500 864; baseline 0 -20"><span class='ocrx_word' id='word_1_34' title='bbox 284 795 412 849; x_wconf 56' lang='lat' dir='ltr'>dmum</span> <span class='ocrx_word' id='word_1_35' title='bbox 455 791 490 842; x_wconf 93' lang='lat' dir='ltr'>ut</span> <span class='ocrx_word' id='word_1_36' title='bbox 512 779 696 842; x_wconf 83' lang='lat' dir='ltr'>deverticula</span> <span class='ocrx_word' id='word_1_37' title='bbox 716 801 847 857; x_wconf 81' lang='lat' dir='ltr'>amoena,</span> <span class='ocrx_word' id='word_1_38' title='bbox 873 793 907 841; x_wconf 88' lang='lat' dir='ltr'>et</span> <span class='ocrx_word' id='word_1_39' title='bbox 932 782 1067 861; x_wconf 85' lang='lat' dir='ltr'>requiem</span> <span class='ocrx_word' id='word_1_40' title='bbox 1088 782 1190 844; x_wconf 88' lang='lat' dir='ltr'>animo</span> <span class='ocrx_word' id='word_1_41' title='bbox 1212 803 1285 844; x_wconf 87' lang='lat' dir='ltr'>meo</span> <span class='ocrx_word' id='word_1_42' title='bbox 1306 801 1500 864; x_wconf 70' lang='lat' dir='ltr'>quaererem:</span> 
     </span>
     <span class='ocr_line' id='line_1_6' title="bbox 284 857 1500 952; baseline 0.002 -25"><span class='ocrx_word' id='word_1_43' title='bbox 284 857 402 914; x_wconf 57' lang='lat' dir='ltr'>Mult-</span> <span class='ocrx_word' id='word_1_44' title='bbox 437 878 560 952; x_wconf 32' lang='lat' dir='ltr'>‚minen</span> <span class='ocrx_word' id='word_1_45' title='bbox 586 867 613 905; x_wconf 77' lang='lat'>³⁸</span> <span class='ocrx_word' id='word_1_46' title='bbox 622 867 701 929; x_wconf 84' lang='lat' dir='ltr'>tanti</span> <span class='ocrx_word' id='word_1_47' title='bbox 727 866 805 948; x_wconf 85' lang='lat' dir='ltr'>regis</span> <span class='ocrx_word' id='word_1_48' title='bbox 828 887 863 927; x_wconf 87' lang='lat' dir='ltr'>ac</span> <span class='ocrx_word' id='word_1_49' title='bbox 889 865 974 927; x_wconf 92' lang='lat' dir='ltr'>ducis</span> <span class='ocrx_word' id='word_1_50' title='bbox 997 868 1123 946; x_wconf 88' lang='lat' dir='ltr'>mentio,</span> <span class='ocrx_word' id='word_1_51' title='bbox 1152 867 1376 951; x_wconf 81' lang='lat' dir='ltr'>quibus-saepo</span> <span class='ocrx_word' id='word_1_52' title='bbox 1404 869 1500 930; x_wconf 80' lang='lat' dir='ltr'>tacitis</span> 
     </span>
     <span class='ocr_line' id='line_1_7' title="bbox 456 951 1500 1034; baseline 0.003 -21"><span class='ocrx_word' id='word_1_53' title='bbox 456 951 694 1034; x_wconf 81' lang='lat' dir='ltr'>cogitationibus</span> <span class='ocrx_word' id='word_1_54' title='bbox 714 952 860 1014; x_wconf 79' lang='lat' dir='ltr'>volutavit</span> <span class='ocrx_word' id='word_1_55' title='bbox 873 952 1022 1030; x_wconf 86' lang='lat' dir='ltr'>animum,</span> <span class='ocrx_word' id='word_1_56' title='bbox 1041 975 1094 1014; x_wconf 85' lang='lat' dir='ltr'>ess</span> <span class='ocrx_word' id='word_1_57' title='bbox 1107 965 1214 1016; x_wconf 81' lang='lat' dir='ltr'>evocat</span> <span class='ocrx_word' id='word_1_58' title='bbox 1227 955 1261 1016; x_wconf 90' lang='lat' dir='ltr'>in</span> <span class='ocrx_word' id='word_1_59' title='bbox 1276 956 1449 1016; x_wconf 84' lang='lat' dir='ltr'>medium:</span> <span class='ocrx_word' id='word_1_60' title='bbox 1471 970 1500 1016; x_wconf 86' lang='lat' dir='ltr'>ut</span> 
     </span>
     <span class='ocr_line' id='line_1_8' title="bbox 452 1038 1496 1120; baseline 0.002 -20"><span class='ocrx_word' id='word_1_61' title='bbox 452 1059 586 1120; x_wconf 78' lang='lat' dir='ltr'>quarere</span> <span class='ocrx_word' id='word_1_62' title='bbox 615 1038 723 1116; x_wconf 88' lang='lat' dir='ltr'>libeat,</span> <span class='ocrx_word' id='word_1_63' title='bbox 756 1039 879 1118; x_wconf 86' lang='lat' dir='ltr'>quinam</span> <span class='ocrx_word' id='word_1_64' title='bbox 911 1050 1036 1100; x_wconf 87' lang='lat' dir='ltr'>eventus</span> <span class='ocrx_word' id='word_1_65' title='bbox 1069 1038 1216 1102; x_wconf 86' lang='lat' dir='ltr'>Romanis</span> <span class='ocrx_word' id='word_1_66' title='bbox 1247 1042 1358 1117; x_wconf 89' lang='lat' dir='ltr'>rebus,</span> <span class='ocrx_word' id='word_1_67' title='bbox 1383 1043 1496 1102; x_wconf 85' lang='lat' dir='ltr'>sicum</span> 
     </span>
     <span class='ocr_line' id='line_1_9' title="bbox 452 1123 1497 1202; baseline 0.001 -16"><span class='ocrx_word' id='word_1_68' title='bbox 452 1124 628 1188; x_wconf 85' lang='lat' dir='ltr'>Alexandro</span> <span class='ocrx_word' id='word_1_69' title='bbox 662 1123 743 1186; x_wconf 83' lang='lat' dir='ltr'>soret</span> <span class='ocrx_word' id='word_1_70' title='bbox 773 1123 929 1202; x_wconf 86' lang='lat' dir='ltr'>bellatum,</span> <span class='ocrx_word' id='word_1_71' title='bbox 962 1125 1079 1187; x_wconf 85' lang='lat' dir='ltr'>futurus</span> <span class='ocrx_word' id='word_1_72' title='bbox 1110 1126 1211 1188; x_wconf 79' lang='lat' dir='ltr'>suerit.</span> <span class='ocrx_word' id='word_1_73' title='bbox 1266 1126 1497 1190; x_wconf 84' lang='lat' dir='ltr'>Plurimumiu</span> 
     </span>
    </p>

    <p class='ocr_par' dir='ltr' id='par_1_3' title="bbox 452 1207 1547 1378">
     <span class='ocr_line' id='line_1_10' title="bbox 453 1207 1547 1295; baseline 0.002 -23"><span class='ocrx_word' id='word_1_74' title='bbox 453 1207 533 1272; x_wconf 87' lang='lat' dir='ltr'>bello</span> <span class='ocrx_word' id='word_1_75' title='bbox 548 1211 660 1294; x_wconf 88' lang='lat' dir='ltr'>pollere</span> <span class='ocrx_word' id='word_1_76' title='bbox 674 1211 816 1272; x_wconf 86' lang='lat' dir='ltr'>videntur</span> <span class='ocrx_word' id='word_1_77' title='bbox 830 1211 961 1272; x_wconf 91' lang='lat' dir='ltr'>militum</span> <span class='ocrx_word' id='word_1_78' title='bbox 975 1212 1111 1294; x_wconf 85' lang='lat' dir='ltr'>copiast</span> <span class='ocrx_word' id='word_1_79' title='bbox 1125 1213 1229 1290; x_wconf 81' lang='lat' dir='ltr'>virtus,</span> <span class='ocrx_word' id='word_1_80' title='bbox 1252 1213 1389 1294; x_wconf 83' lang='lat' dir='ltr'>ingenia</span> <span class='ocrx_word' id='word_1_81' title='bbox 1404 1215 1495 1295; x_wconf 89' lang='lat' dir='ltr'>impe-</span> <span class='ocrx_word' id='word_1_82' title='bbox 1545 1212 1547 1295; x_wconf 77' lang='lat' dir='ltr'>l</span> 
     </span>
     <span class='ocr_line' id='line_1_11' title="bbox 452 1296 1496 1378; baseline 0.002 -20"><span class='ocrx_word' id='word_1_83' title='bbox 452 1307 598 1375; x_wconf 83' lang='lat' dir='ltr'>ranorum,</span> <span class='ocrx_word' id='word_1_84' title='bbox 628 1296 750 1359; x_wconf 78' lang='lat' dir='ltr'>fortuna</span> <span class='ocrx_word' id='word_1_85' title='bbox 778 1318 833 1378; x_wconf 90' lang='lat' dir='ltr'>per</span> <span class='ocrx_word' id='word_1_86' title='bbox 854 1297 959 1358; x_wconf 85' lang='lat' dir='ltr'>omnia</span> <span class='ocrx_word' id='word_1_87' title='bbox 980 1298 1122 1375; x_wconf 86' lang='lat' dir='ltr'>bumana,</span> <span class='ocrx_word' id='word_1_88' title='bbox 1144 1299 1278 1372; x_wconf 72' lang='lat' dir='ltr'>maxime</span> <span class='ocrx_word' id='word_1_89' title='bbox 1302 1300 1340 1360; x_wconf 87' lang='lat' dir='ltr'>in</span> <span class='ocrx_word' id='word_1_90' title='bbox 1365 1321 1417 1361; x_wconf 88' lang='lat' dir='ltr'>res</span> <span class='ocrx_word' id='word_1_91' title='bbox 1438 1299 1496 1360; x_wconf 90' lang='lat' dir='ltr'>bel·</span> 
     </span>
    </p>

    <p class='ocr_par' dir='ltr' id='par_1_4' title="bbox 278 1381 1547 2495">
     <span class='ocr_line' id='line_1_12' title="bbox 450 1381 1547 1523; baseline 0.003 -79"><span class='ocrx_word' id='word_1_92' title='bbox 450 1383 536 1462; x_wconf 86' lang='lat' dir='ltr'>licas,</span> <span class='ocrx_word' id='word_1_93' title='bbox 558 1394 677 1466; x_wconf 86' lang='lat' dir='ltr'>potens.</span> <span class='ocrx_word' id='word_1_94' title='bbox 720 1381 776 1459; x_wconf 78' lang='lat' dir='ltr'>Es,</span> <span class='ocrx_word' id='word_1_95' title='bbox 799 1395 831 1444; x_wconf 92' lang='lat' dir='ltr'>et</span> <span class='ocrx_word' id='word_1_96' title='bbox 853 1383 971 1464; x_wconf 86' lang='lat' dir='ltr'>singula</span> <span class='ocrx_word' id='word_1_97' title='bbox 990 1384 1120 1446; x_wconf 90' lang='lat' dir='ltr'>intuenti</span> <span class='ocrx_word' id='word_1_98' title='bbox 1138 1396 1171 1446; x_wconf 90' lang='lat' dir='ltr'>et</span> <span class='ocrx_word' id='word_1_99' title='bbox 1185 1387 1341 1463; x_wconf 87' lang='lat' dir='ltr'>universa,</span> <span class='ocrx_word' id='word_1_100' title='bbox 1365 1387 1494 1448; x_wconf 85' lang='lat' dir='ltr'>sicutab</span> <span class='ocrx_word' id='word_1_101' title='bbox 1545 1384 1547 1523; x_wconf 81' lang='grc' dir='ltr'>Ι</span> 
     </span>
     <span class='ocr_line' id='line_1_13' title="bbox 450 1469 1493 1555; baseline 0.004 -25"><span class='ocrx_word' id='word_1_102' title='bbox 450 1469 517 1531; x_wconf 86' lang='lat' dir='ltr'>aliis</span> <span class='ocrx_word' id='word_1_103' title='bbox 541 1471 659 1552; x_wconf 86' lang='lat' dir='ltr'>regibus</span> <span class='ocrx_word' id='word_1_104' title='bbox 680 1469 891 1550; x_wconf 86' lang='lat' dir='ltr'>gentibusque,</span> <span class='ocrx_word' id='word_1_105' title='bbox 922 1470 967 1530; x_wconf 87' lang='lat' dir='ltr'>ita</span> <span class='ocrx_word' id='word_1_106' title='bbox 996 1471 1036 1532; x_wconf 83' lang='lat' dir='ltr'>ab</span> <span class='ocrx_word' id='word_1_107' title='bbox 1066 1471 1125 1530; x_wconf 89' lang='lat' dir='ltr'>hoc</span> <span class='ocrx_word' id='word_1_108' title='bbox 1147 1491 1279 1551; x_wconf 91' lang='lat' dir='ltr'>quoqne,</span> <span class='ocrx_word' id='word_1_109' title='bbox 1301 1472 1403 1534; x_wconf 80' lang='lat' dir='ltr'>facile</span> <span class='ocrx_word' id='word_1_110' title='bbox 1425 1493 1493 1555; x_wconf 75' lang='lat' dir='ltr'>pre·</span> 
     </span>
     <span class='ocr_line' id='line_1_14' title="bbox 378 1555 1492 1638; baseline 0.004 -22"><span class='ocrx_word' id='word_1_111' title='bbox 378 1595 382 1606; x_wconf 85' lang='lat'><em>.</em></span> <span class='ocrx_word' id='word_1_112' title='bbox 449 1567 533 1618; x_wconf 88' lang='lat' dir='ltr'>stant</span> <span class='ocrx_word' id='word_1_113' title='bbox 555 1556 699 1616; x_wconf 86' lang='lat' dir='ltr'>invictum</span> <span class='ocrx_word' id='word_1_114' title='bbox 723 1555 898 1616; x_wconf 86' lang='lat' dir='ltr'>Romanum</span> <span class='ocrx_word' id='word_1_115' title='bbox 920 1556 1090 1638; x_wconf 88' lang='lat' dir='ltr'>imperium.</span> <span class='ocrx_word' id='word_1_116' title='bbox 1133 1555 1205 1618; x_wconf 85' lang='lat' dir='ltr'>Jam</span> <span class='ocrx_word' id='word_1_117' title='bbox 1224 1558 1376 1638; x_wconf 85' lang='lat' dir='ltr'>primum,</span> <span class='ocrx_word' id='word_1_118' title='bbox 1391 1570 1429 1622; x_wconf 88' lang='lat' dir='ltr'>ut</span> <span class='ocrx_word' id='word_1_119' title='bbox 1448 1579 1492 1620; x_wconf 88' lang='lat' dir='ltr'>or·</span> 
     </span>
     <span class='ocr_line' id='line_1_15' title="bbox 448 1641 1491 1725; baseline 0.005 -23"><span class='ocrx_word' id='word_1_120' title='bbox 448 1641 515 1704; x_wconf 80' lang='lat' dir='ltr'>dier</span> <span class='ocrx_word' id='word_1_121' title='bbox 537 1642 576 1702; x_wconf 86' lang='lat' dir='ltr'>ab</span> <span class='ocrx_word' id='word_1_122' title='bbox 599 1641 727 1702; x_wconf 89' lang='lat' dir='ltr'>ducibus</span> <span class='ocrx_word' id='word_1_123' title='bbox 749 1641 973 1722; x_wconf 85' lang='lat' dir='ltr'>comparandis,</span> <span class='ocrx_word' id='word_1_124' title='bbox 996 1643 1078 1704; x_wconf 76' lang='lat' dir='ltr'>baud</span> <span class='ocrx_word' id='word_1_125' title='bbox 1100 1643 1243 1722; x_wconf 80' lang='lat' dir='ltr'>equidem</span> <span class='ocrx_word' id='word_1_126' title='bbox 1264 1646 1387 1722; x_wconf 84' lang='lat' dir='ltr'>abnuo,</span> <span class='ocrx_word' id='word_1_127' title='bbox 1409 1665 1491 1725; x_wconf 82' lang='lat' dir='ltr'>egre·</span> 
     </span>
     <span class='ocr_line' id='line_1_16' title="bbox 279 1719 1490 1808; baseline 0.003 -20"><span class='ocrx_word' id='word_1_128' title='bbox 279 1719 405 1772; x_wconf 61' lang='lat' dir='ltr'>Akffl‘l&#39;l</span> <span class='ocrx_word' id='word_1_129' title='bbox 447 1726 531 1808; x_wconf 86' lang='lat' dir='ltr'>giurn</span> <span class='ocrx_word' id='word_1_130' title='bbox 548 1727 656 1790; x_wconf 89' lang='lat' dir='ltr'>ducem</span> <span class='ocrx_word' id='word_1_131' title='bbox 672 1726 764 1790; x_wconf 86' lang='lat' dir='ltr'>fuisse</span> <span class='ocrx_word' id='word_1_132' title='bbox 779 1725 989 1790; x_wconf 85' lang='lat' dir='ltr'>Alexandnnn</span> <span class='ocrx_word' id='word_1_133' title='bbox 1000 1751 1010 1804; x_wconf 91' lang='lat'>;</span> <span class='ocrx_word' id='word_1_134' title='bbox 1033 1729 1088 1790; x_wconf 88' lang='lat' dir='ltr'>sed</span> <span class='ocrx_word' id='word_1_135' title='bbox 1109 1729 1270 1792; x_wconf 81' lang='lat' dir='ltr'>clariorem</span> <span class='ocrx_word' id='word_1_136' title='bbox 1292 1743 1400 1792; x_wconf 83' lang='lat' dir='ltr'>tamen</span> <span class='ocrx_word' id='word_1_137' title='bbox 1424 1751 1490 1792; x_wconf 86' lang='lat' dir='ltr'>euru</span> 
     </span>
     <span class='ocr_line' id='line_1_17' title="bbox 278 1788 1493 1903; baseline 0 -27"><span class='ocrx_word' id='word_1_138' title='bbox 278 1788 426 1903; x_wconf 51' lang='lat' dir='ltr'>ffiummffl,</span> <span class='ocrx_word' id='word_1_139' title='bbox 447 1811 531 1892; x_wconf 87' lang='lat' dir='ltr'>facit,</span> <span class='ocrx_word' id='word_1_140' title='bbox 548 1813 665 1894; x_wconf 61' lang='lat' dir='ltr'>l‘quod</span> <span class='ocrx_word' id='word_1_141' title='bbox 687 1833 766 1875; x_wconf 88' lang='lat' dir='ltr'>unus</span> <span class='ocrx_word' id='word_1_142' title='bbox 788 1812 857 1891; x_wconf 84' lang='lat' dir='ltr'>fuit,</span> <span class='ocrx_word' id='word_1_143' title='bbox 871 1814 955 1893; x_wconf 90' lang='lat' dir='ltr'>quod</span> <span class='ocrx_word' id='word_1_144' title='bbox 973 1814 1153 1876; x_wconf 81' lang='lat' dir='ltr'>adolescens</span> <span class='ocrx_word' id='word_1_145' title='bbox 1173 1816 1207 1878; x_wconf 87' lang='lat' dir='ltr'>in</span> <span class='ocrx_word' id='word_1_146' title='bbox 1229 1817 1419 1878; x_wconf 85' lang='lat' dir='ltr'>incremento</span> <span class='ocrx_word' id='word_1_147' title='bbox 1440 1837 1493 1876; x_wconf 80' lang='lat' dir='ltr'>re·</span> 
     </span>
     <span class='ocr_line' id='line_1_18' title="bbox 279 1899 1489 1982; baseline -0.003 -16"><span class='ocrx_word' id='word_1_148' title='bbox 279 1905 321 1966; x_wconf 81' lang='lat' dir='ltr'>do.</span> <span class='ocrx_word' id='word_1_149' title='bbox 448 1920 526 1978; x_wconf 90' lang='lat' dir='ltr'>rum,</span> <span class='ocrx_word' id='word_1_150' title='bbox 541 1901 677 1962; x_wconf 86' lang='lat' dir='ltr'>nondum</span> <span class='ocrx_word' id='word_1_151' title='bbox 689 1899 817 1962; x_wconf 84' lang='lat' dir='ltr'>alteram</span> <span class='ocrx_word' id='word_1_152' title='bbox 833 1899 987 1966; x_wconf 83' lang='lat' dir='ltr'>fortunam</span> <span class='ocrx_word' id='word_1_153' title='bbox 1002 1914 1158 1982; x_wconf 85' lang='lat' dir='ltr'>expertus,</span> <span class='ocrx_word' id='word_1_154' title='bbox 1173 1903 1311 1964; x_wconf 85' lang='lat' dir='ltr'>decessit.</span> <span class='ocrx_word' id='word_1_155' title='bbox 1349 1899 1397 1962; x_wconf 89' lang='lat' dir='ltr'>Ut</span> <span class='ocrx_word' id='word_1_156' title='bbox 1411 1902 1489 1962; x_wconf 85' lang='lat' dir='ltr'>alios</span> 
     </span>
     <span class='ocr_line' id='line_1_19' title="bbox 448 1985 1488 2069; baseline -0.002 -19"><span class='ocrx_word' id='word_1_157' title='bbox 448 2007 535 2066; x_wconf 79' lang='lat' dir='ltr'>reges</span> <span class='ocrx_word' id='word_1_158' title='bbox 567 1985 664 2050; x_wconf 81' lang='lat' dir='ltr'>claros</span> <span class='ocrx_word' id='word_1_159' title='bbox 693 1985 845 2066; x_wconf 88' lang='lat' dir='ltr'>ducesque</span> <span class='ocrx_word' id='word_1_160' title='bbox 875 1986 1030 2064; x_wconf 85' lang='lat' dir='ltr'>omittam,</span> <span class='ocrx_word' id='word_1_161' title='bbox 1064 2007 1178 2069; x_wconf 85' lang='lat' dir='ltr'>magna</span> <span class='ocrx_word' id='word_1_162' title='bbox 1198 1987 1342 2068; x_wconf 88' lang='lat' dir='ltr'>exempla</span> <span class='ocrx_word' id='word_1_163' title='bbox 1361 2007 1488 2049; x_wconf 81' lang='lat' dir='ltr'>casuum</span> 
     </span>
     <span class='ocr_line' id='line_1_20' title="bbox 448 2070 1488 2154; baseline -0.003 -15"><span class='ocrx_word' id='word_1_164' title='bbox 448 2071 670 2151; x_wconf 69' lang='lat' dir='ltr'>humanorum</span> <span class='ocrx_word' id='word_1_165' title='bbox 694 2075 720 2110; x_wconf 80' lang='lat'>⁶⁰</span> <span class='ocrx_word' id='word_1_166' title='bbox 732 2070 856 2154; x_wconf 86' lang='lat' dir='ltr'>Cyrum,</span> <span class='ocrx_word' id='word_1_167' title='bbox 881 2073 1120 2153; x_wconf 85' lang='lat' dir='ltr'>quem&#39;maxime</span> <span class='ocrx_word' id='word_1_168' title='bbox 1136 2073 1232 2135; x_wconf 82' lang='lat' dir='ltr'>Graeci</span> <span class='ocrx_word' id='word_1_169' title='bbox 1248 2073 1395 2137; x_wconf 82' lang='lat' dir='ltr'>laudibus</span> <span class='ocrx_word' id='word_1_170' title='bbox 1409 2075 1488 2136; x_wconf 88' lang='lat' dir='ltr'>cele·</span> 
     </span>
     <span class='ocr_line' id='line_1_21' title="bbox 447 2157 1486 2243; baseline -0.001 -19"><span class='ocrx_word' id='word_1_171' title='bbox 447 2159 548 2238; x_wconf 83' lang='lat' dir='ltr'>brant,</span> <span class='ocrx_word' id='word_1_172' title='bbox 571 2159 655 2242; x_wconf 82' lang='lat' dir='ltr'>quid,</span> <span class='ocrx_word' id='word_1_173' title='bbox 687 2158 745 2220; x_wconf 92' lang='lat' dir='ltr'>nisi</span> <span class='ocrx_word' id='word_1_174' title='bbox 777 2158 871 2238; x_wconf 82' lang='lat' dir='ltr'>longa</span> <span class='ocrx_word' id='word_1_175' title='bbox 899 2158 972 2236; x_wconf 82' lang='lat' dir='ltr'>vita,</span> <span class='ocrx_word' id='word_1_176' title='bbox 1004 2160 1084 2222; x_wconf 88' lang='lat' dir='ltr'>sicut</span> <span class='ocrx_word' id='word_1_177' title='bbox 1105 2157 1255 2243; x_wconf 81' lang='lat' dir='ltr'>Magnum</span> <span class='ocrx_word' id='word_1_178' title='bbox 1277 2160 1378 2223; x_wconf 85' lang='lat' dir='ltr'>modo</span> <span class='ocrx_word' id='word_1_179' title='bbox 1400 2159 1486 2223; x_wconf 90' lang='lat' dir='ltr'>Pom-</span> 
     </span>
     <span class='ocr_line' id='line_1_22' title="bbox 445 2242 1487 2336; baseline -0.005 -22"><span class='ocrx_word' id='word_1_180' title='bbox 445 2246 560 2336; x_wconf 87' lang='lat' dir='ltr'>peium,</span> <span class='ocrx_word' id='word_1_181' title='bbox 580 2245 709 2312; x_wconf 86' lang='lat' dir='ltr'>vertenti</span> <span class='ocrx_word' id='word_1_182' title='bbox 731 2244 860 2331; x_wconf 75' lang='lat' dir='ltr'>prebuit</span> <span class='ocrx_word' id='word_1_183' title='bbox 879 2242 1024 2308; x_wconf 78' lang='lat' dir='ltr'>fortuna?</span> <span class='ocrx_word' id='word_1_184' title='bbox 1060 2243 1248 2314; x_wconf 84' lang='lat' dir='ltr'>Recensesm</span> <span class='ocrx_word' id='word_1_185' title='bbox 1262 2249 1363 2310; x_wconf 89' lang='lat' dir='ltr'>duces</span> <span class='ocrx_word' id='word_1_186' title='bbox 1378 2247 1487 2310; x_wconf 66' lang='lat' dir='ltr'>Roma</span> 
     </span>
     <span class='ocr_line' id='line_1_23' title="bbox 444 2333 1485 2417; baseline -0.007 -16"><span class='ocrx_word' id='word_1_187' title='bbox 444 2359 513 2416; x_wconf 91' lang='lat' dir='ltr'>nos,</span> <span class='ocrx_word' id='word_1_188' title='bbox 537 2359 593 2400; x_wconf 90' lang='lat' dir='ltr'>nec</span> <span class='ocrx_word' id='word_1_189' title='bbox 618 2357 724 2400; x_wconf 86' lang='lat' dir='ltr'>omnes</span> <span class='ocrx_word' id='word_1_190' title='bbox 749 2337 886 2411; x_wconf 83' lang='lat' dir='ltr'>omniurn</span> <span class='ocrx_word' id='word_1_191' title='bbox 909 2335 1055 2411; x_wconf 73' lang='lat' dir='ltr'>ntanum,</span> <span class='ocrx_word' id='word_1_192' title='bbox 1077 2335 1132 2396; x_wconf 87' lang='lat' dir='ltr'>sed</span> <span class='ocrx_word' id='word_1_193' title='bbox 1147 2336 1229 2417; x_wconf 90' lang='lat' dir='ltr'>ipsos</span> <span class='ocrx_word' id='word_1_194' title='bbox 1243 2357 1313 2414; x_wconf 89' lang='lat' dir='ltr'>eos,</span> <span class='ocrx_word' id='word_1_195' title='bbox 1337 2355 1411 2398; x_wconf 86' lang='lat' dir='ltr'>cum</span> <span class='ocrx_word' id='word_1_196' title='bbox 1424 2333 1485 2414; x_wconf 86' lang='lat' dir='ltr'>qui·</span> 
     </span>
     <span class='ocr_line' id='line_1_24' title="bbox 445 2421 1486 2495; baseline -0.004 -5"><span class='ocrx_word' id='word_1_197' title='bbox 445 2426 503 2490; x_wconf 89' lang='lat' dir='ltr'>bus</span> <span class='ocrx_word' id='word_1_198' title='bbox 527 2424 700 2486; x_wconf 89' lang='lat' dir='ltr'>consulibus</span> <span class='ocrx_word' id='word_1_199' title='bbox 725 2435 778 2487; x_wconf 88' lang='lat' dir='ltr'>aut</span> <span class='ocrx_word' id='word_1_200' title='bbox 802 2423 1001 2485; x_wconf 75' lang='lat' dir='ltr'>dictatoribus</span> <span class='ocrx_word' id='word_1_201' title='bbox 1023 2421 1199 2484; x_wconf 79' lang='lat' dir='ltr'>Alexandro</span> <span class='ocrx_word' id='word_1_202' title='bbox 1213 2421 1274 2484; x_wconf 84' lang='lat' dir='ltr'>luit</span> <span class='ocrx_word' id='word_1_203' title='bbox 1288 2421 1486 2495; x_wconf 66' lang='lat' dir='ltr'>bellandum</span> 
     </span>
    </p>

    <p class='ocr_par' dir='ltr' id='par_1_5' title="bbox 444 2505 1547 2590">
     <span class='ocr_line' id='line_1_25' title="bbox 444 2505 1547 2590; baseline 0.001 -18"><span class='ocrx_word' id='word_1_204' title='bbox 444 2508 492 2572; x_wconf 90' lang='lat' dir='ltr'>M.</span> <span class='ocrx_word' id='word_1_205' title='bbox 507 2509 662 2573; x_wconf 85' lang='lat' dir='ltr'>Valerium</span> <span class='ocrx_word' id='word_1_206' title='bbox 685 2509 829 2588; x_wconf 83' lang='lat' dir='ltr'>Corvum,</span> <span class='ocrx_word' id='word_1_207' title='bbox 854 2508 890 2571; x_wconf 88' lang='lat' dir='ltr'>C.</span> <span class='ocrx_word' id='word_1_208' title='bbox 907 2505 1061 2573; x_wconf 85' lang='lat' dir='ltr'>Marcium</span> <span class='ocrx_word' id='word_1_209' title='bbox 1077 2507 1224 2586; x_wconf 83' lang='lat' dir='ltr'>Rutilum,</span> <span class='ocrx_word' id='word_1_210' title='bbox 1250 2507 1288 2570; x_wconf 90' lang='lat' dir='ltr'>C.</span> <span class='ocrx_word' id='word_1_211' title='bbox 1304 2507 1485 2590; x_wconf 84' lang='lat' dir='ltr'>Sulpicium,</span> <span class='ocrx_word' id='word_1_212' title='bbox 1545 2552 1547 2573; x_wconf 53' lang='lat' dir='ltr'>r</span> 
     </span>
    </p>

    <p class='ocr_par' dir='ltr' id='par_1_6' title="bbox 429 2593 1547 3545">
     <span class='ocr_line' id='line_1_26' title="bbox 430 2593 1547 2677; baseline -0.005 -16"><span class='ocrx_word' id='word_1_213' title='bbox 430 2595 482 2669; x_wconf 73' lang='grc' dir='ltr'>,Τ.</span> <span class='ocrx_word' id='word_1_214' title='bbox 497 2595 648 2659; x_wconf 86' lang='lat' dir='ltr'>Manlium</span> <span class='ocrx_word' id='word_1_215' title='bbox 671 2593 874 2677; x_wconf 84' lang='lat' dir='ltr'>Torquatum,</span> <span class='ocrx_word' id='word_1_216' title='bbox 894 2595 933 2667; x_wconf 85' lang='lat' dir='ltr'>Q.</span> <span class='ocrx_word' id='word_1_217' title='bbox 957 2593 1118 2659; x_wconf 86' lang='lat' dir='ltr'>Publilium</span> <span class='ocrx_word' id='word_1_218' title='bbox 1143 2595 1316 2673; x_wconf 87' lang='lat' dir='ltr'>Philonem,</span> <span class='ocrx_word' id='word_1_219' title='bbox 1339 2594 1378 2658; x_wconf 77' lang='lat' dir='ltr'>n.</span> <span class='ocrx_word' id='word_1_220' title='bbox 1401 2593 1485 2674; x_wconf 86' lang='lat' dir='ltr'>Papi·</span> <span class='ocrx_word' id='word_1_221' title='bbox 1545 2661 1547 2664; x_wconf 60' lang='grc'><strong>,</strong></span> 
     </span>
     <span class='ocr_line' id='line_1_27' title="bbox 442 2677 1488 2761; baseline -0.006 -16"><span class='ocrx_word' id='word_1_222' title='bbox 442 2682 521 2745; x_wconf 87' lang='lat' dir='ltr'>rium</span> <span class='ocrx_word' id='word_1_223' title='bbox 538 2682 711 2761; x_wconf 85' lang='lat' dir='ltr'>Cursorem,</span> <span class='ocrx_word' id='word_1_224' title='bbox 735 2684 773 2754; x_wconf 86' lang='lat' dir='ltr'>Q.</span> <span class='ocrx_word' id='word_1_225' title='bbox 790 2682 918 2745; x_wconf 87' lang='lat' dir='ltr'>Fabium</span> <span class='ocrx_word' id='word_1_226' title='bbox 933 2680 1117 2759; x_wconf 76' lang='lat' dir='ltr'>blaximum,</span> <span class='ocrx_word' id='word_1_227' title='bbox 1140 2683 1215 2747; x_wconf 83' lang='lat' dir='ltr'>dnos</span> <span class='ocrx_word' id='word_1_228' title='bbox 1229 2681 1358 2759; x_wconf 84' lang='lat' dir='ltr'>Decios,</span> <span class='ocrx_word' id='word_1_229' title='bbox 1375 2680 1415 2743; x_wconf 76' lang='lat' dir='ltr'>L.</span> <span class='ocrx_word' id='word_1_230' title='bbox 1428 2677 1488 2740; x_wconf 68' lang='lat' dir='ltr'>Vo-</span> 
     </span>
     <span class='ocr_line' id='line_1_28' title="bbox 441 2766 1487 2852; baseline -0.002 -21"><span class='ocrx_word' id='word_1_231' title='bbox 441 2768 602 2845; x_wconf 89' lang='lat' dir='ltr'>lumnium,</span> <span class='ocrx_word' id='word_1_232' title='bbox 625 2767 682 2831; x_wconf 86' lang='lat' dir='ltr'>M’.</span> <span class='ocrx_word' id='word_1_233' title='bbox 705 2768 843 2831; x_wconf 89' lang='lat' dir='ltr'>Curium.</span> <span class='ocrx_word' id='word_1_234' title='bbox 885 2766 1040 2852; x_wconf 86' lang='lat' dir='ltr'>Deinceps</span> <span class='ocrx_word' id='word_1_235' title='bbox 1064 2770 1204 2850; x_wconf 80' lang='lat' dir='ltr'>ingentes</span> <span class='ocrx_word' id='word_1_236' title='bbox 1228 2780 1402 2849; x_wconf 86' lang='lat' dir='ltr'>sequuntur</span> <span class='ocrx_word' id='word_1_237' title='bbox 1424 2766 1487 2842; x_wconf 81' lang='lat' dir='ltr'>viri,</span> 
     </span>
     <span class='ocr_line' id='line_1_29' title="bbox 440 2852 1489 2937; baseline -0.004 -22"><span class='ocrx_word' id='word_1_238' title='bbox 440 2856 504 2916; x_wconf 78' lang='lat' dir='ltr'>⁶¹si</span> <span class='ocrx_word' id='word_1_239' title='bbox 530 2852 678 2917; x_wconf 91' lang='lat' dir='ltr'>Punicum</span> <span class='ocrx_word' id='word_1_240' title='bbox 710 2854 852 2919; x_wconf 89' lang='lat' dir='ltr'>Romano</span> <span class='ocrx_word' id='word_1_241' title='bbox 879 2856 1078 2937; x_wconf 73' lang='lat' dir='ltr'>praevertisset</span> <span class='ocrx_word' id='word_1_242' title='bbox 1107 2857 1231 2934; x_wconf 88' lang='lat' dir='ltr'>bellum,</span> <span class='ocrx_word' id='word_1_243' title='bbox 1259 2855 1426 2933; x_wconf 87' lang='lat' dir='ltr'>seniorque</span> <span class='ocrx_word' id='word_1_244' title='bbox 1457 2853 1489 2911; x_wconf 87' lang='lat' dir='ltr'>in</span> 
     </span>
     <span class='ocr_line' id='line_1_30' title="bbox 440 2938 1486 3026; baseline -0.005 -23"><span class='ocrx_word' id='word_1_245' title='bbox 440 2938 563 3005; x_wconf 82' lang='lat' dir='ltr'>Italiam</span> <span class='ocrx_word' id='word_1_246' title='bbox 579 2943 759 3026; x_wconf 84' lang='lat' dir='ltr'>trajecisset.</span> <span class='ocrx_word' id='word_1_247' title='bbox 805 2941 926 3004; x_wconf 89' lang='lat' dir='ltr'>Horum</span> <span class='ocrx_word' id='word_1_248' title='bbox 944 2941 975 3003; x_wconf 90' lang='lat' dir='ltr'>in</span> <span class='ocrx_word' id='word_1_249' title='bbox 997 2941 1136 3021; x_wconf 83' lang='lat' dir='ltr'>quolibet</span> <span class='ocrx_word' id='word_1_250' title='bbox 1150 2956 1215 3005; x_wconf 89' lang='lat' dir='ltr'>tum</span> <span class='ocrx_word' id='word_1_251' title='bbox 1231 2940 1351 3003; x_wconf 88' lang='lat' dir='ltr'>indoles</span> <span class='ocrx_word' id='word_1_252' title='bbox 1366 2938 1486 3012; x_wconf 87' lang='lat' dir='ltr'>eadem,</span> 
     </span>
     <span class='ocr_line' id='line_1_31' title="bbox 441 3025 1487 3114; baseline -0.011 -21"><span class='ocrx_word' id='word_1_253' title='bbox 441 3051 507 3114; x_wconf 77' lang='lat' dir='ltr'>qua</span> <span class='ocrx_word' id='word_1_254' title='bbox 529 3032 561 3093; x_wconf 92' lang='lat' dir='ltr'>in</span> <span class='ocrx_word' id='word_1_255' title='bbox 583 3029 761 3092; x_wconf 87' lang='lat' dir='ltr'>Alexandro</span> <span class='ocrx_word' id='word_1_256' title='bbox 783 3041 861 3105; x_wconf 89' lang='lat' dir='ltr'>erat,</span> <span class='ocrx_word' id='word_1_257' title='bbox 883 3028 977 3089; x_wconf 84' lang='lat' dir='ltr'>animi</span> <span class='ocrx_word' id='word_1_258' title='bbox 1000 3028 1193 3109; x_wconf 82' lang='lat' dir='ltr'>ingeniique3</span> <span class='ocrx_word' id='word_1_259' title='bbox 1226 3039 1295 3087; x_wconf 89' lang='lat' dir='ltr'>turn</span> <span class='ocrx_word' id='word_1_260' title='bbox 1328 3025 1487 3106; x_wconf 87' lang='lat' dir='ltr'>disciplina</span> 
     </span>
     <span class='ocr_line' id='line_1_32' title="bbox 440 3112 1486 3198; baseline -0.011 -19"><span class='ocrx_word' id='word_1_261' title='bbox 440 3118 592 3195; x_wconf 87' lang='lat' dir='ltr'>militaris,</span> <span class='ocrx_word' id='word_1_262' title='bbox 604 3116 669 3198; x_wconf 90' lang='lat' dir='ltr'>jam</span> <span class='ocrx_word' id='word_1_263' title='bbox 690 3116 761 3191; x_wconf 83' lang='lat' dir='ltr'>inde</span> <span class='ocrx_word' id='word_1_264' title='bbox 777 3117 816 3177; x_wconf 86' lang='lat' dir='ltr'>ab</span> <span class='ocrx_word' id='word_1_265' title='bbox 832 3115 926 3175; x_wconf 91' lang='lat' dir='ltr'>initiis</span> <span class='ocrx_word' id='word_1_266' title='bbox 942 3115 1023 3175; x_wconf 90' lang='lat' dir='ltr'>urbis</span> <span class='ocrx_word' id='word_1_267' title='bbox 1039 3114 1151 3174; x_wconf 76' lang='lat' dir='ltr'>tradita</span> <span class='ocrx_word' id='word_1_268' title='bbox 1169 3134 1224 3194; x_wconf 88' lang='lat' dir='ltr'>per</span> <span class='ocrx_word' id='word_1_269' title='bbox 1239 3133 1365 3189; x_wconf 85' lang='lat' dir='ltr'>manus,</span> <span class='ocrx_word' id='word_1_270' title='bbox 1388 3112 1421 3171; x_wconf 92' lang='lat' dir='ltr'>in</span> <span class='ocrx_word' id='word_1_271' title='bbox 1443 3131 1486 3169; x_wconf 84' lang='lat' dir='ltr'>ar-</span> 
     </span>
     <span class='ocr_line' id='line_1_33' title="bbox 441 3196 1488 3287; baseline -0.011 -21"><span class='ocrx_word' id='word_1_272' title='bbox 441 3206 481 3266; x_wconf 89' lang='lat' dir='ltr'>tis</span> <span class='ocrx_word' id='word_1_273' title='bbox 496 3204 651 3287; x_wconf 86' lang='lat' dir='ltr'>perpetuis</span> <span class='ocrx_word' id='word_1_274' title='bbox 667 3204 825 3287; x_wconf 83' lang='lat' dir='ltr'>praeceptis</span> <span class='ocrx_word' id='word_1_275' title='bbox 841 3202 987 3265; x_wconf 79' lang='lat' dir='ltr'>ordinatae</span> <span class='ocrx_word' id='word_1_276' title='bbox 1011 3200 1132 3263; x_wconf 88' lang='lat' dir='ltr'>modum</span> <span class='ocrx_word' id='word_1_277' title='bbox 1151 3209 1289 3258; x_wconf 85' lang='lat' dir='ltr'>venerat.</span> <span class='ocrx_word' id='word_1_278' title='bbox 1337 3196 1392 3258; x_wconf 89' lang='lat' dir='ltr'>lta</span> <span class='ocrx_word' id='word_1_279' title='bbox 1405 3215 1488 3276; x_wconf 77' lang='lat' dir='ltr'>reges</span> 
     </span>
     <span class='ocr_line' id='line_1_34' title="bbox 438 3280 1484 3375; baseline -0.009 -22"><span class='ocrx_word' id='word_1_280' title='bbox 438 3302 599 3375; x_wconf 83' lang='lat' dir='ltr'>gesserant</span> <span class='ocrx_word' id='word_1_281' title='bbox 613 3291 713 3367; x_wconf 84' lang='lat' dir='ltr'>bella3</span> <span class='ocrx_word' id='word_1_282' title='bbox 739 3292 783 3353; x_wconf 88' lang='lat' dir='ltr'>ita</span> <span class='ocrx_word' id='word_1_283' title='bbox 807 3291 918 3353; x_wconf 87' lang='lat' dir='ltr'>deinde</span> <span class='ocrx_word' id='word_1_284' title='bbox 943 3299 1109 3351; x_wconf 77' lang='lat' dir='ltr'>exactores¹</span> <span class='ocrx_word' id='word_1_285' title='bbox 1121 3303 1226 3364; x_wconf 83' lang='lat' dir='ltr'>regum</span> <span class='ocrx_word' id='word_1_286' title='bbox 1250 3282 1341 3344; x_wconf 84' lang='lat' dir='ltr'>Junii</span> <span class='ocrx_word' id='word_1_287' title='bbox 1359 3280 1484 3344; x_wconf 85' lang='lat' dir='ltr'>Valerii·</span> 
     </span>
     <span class='ocr_line' id='line_1_35' title="bbox 429 3364 1487 3459; baseline -0.009 -19"><span class='ocrx_word' id='word_1_288' title='bbox 429 3378 522 3458; x_wconf 80' lang='lat' dir='ltr'>&#39;que3</span> <span class='ocrx_word' id='word_1_289' title='bbox 545 3380 590 3440; x_wconf 93' lang='lat' dir='ltr'>ita</span> <span class='ocrx_word' id='word_1_290' title='bbox 614 3376 757 3459; x_wconf 88' lang='lat' dir='ltr'>deinceps</span> <span class='ocrx_word' id='word_1_291' title='bbox 781 3376 879 3452; x_wconf 81' lang='lat' dir='ltr'>Fabii,</span> <span class='ocrx_word' id='word_1_292' title='bbox 903 3373 1049 3449; x_wconf 84' lang='lat' dir='ltr'>Quinctii,</span> <span class='ocrx_word' id='word_1_293' title='bbox 1065 3368 1216 3444; x_wconf 81' lang='lat' dir='ltr'>Cornelii3</span> <span class='ocrx_word' id='word_1_294' title='bbox 1240 3368 1287 3429; x_wconf 87' lang='lat' dir='ltr'>ita</span> <span class='ocrx_word' id='word_1_295' title='bbox 1300 3366 1419 3429; x_wconf 82' lang='lat' dir='ltr'>Furius</span> <span class='ocrx_word' id='word_1_296' title='bbox 1434 3364 1487 3430; x_wconf 76' lang='lat' dir='ltr'>Ct-</span> 
     </span>
     <span class='ocr_line' id='line_1_36' title="bbox 430 3454 1486 3545; baseline -0.011 -22"><span class='ocrx_word' id='word_1_297' title='bbox 430 3464 554 3540; x_wconf 62' lang='lat' dir='ltr'>&#39;milluq</span> <span class='ocrx_word' id='word_1_298' title='bbox 569 3466 692 3545; x_wconf 79' lang='lat' dir='ltr'>⁸²quem</span> <span class='ocrx_word' id='word_1_299' title='bbox 704 3462 832 3545; x_wconf 89' lang='lat' dir='ltr'>juvenes</span> <span class='ocrx_word' id='word_1_300' title='bbox 852 3462 873 3522; x_wconf 90' lang='lat' dir='ltr'>ii</span> <span class='ocrx_word' id='word_1_301' title='bbox 883 3469 908 3540; x_wconf 72' lang='lat'>5,</span> <span class='ocrx_word' id='word_1_302' title='bbox 930 3462 1040 3542; x_wconf 86' lang='lat' dir='ltr'>quibus</span> <span class='ocrx_word' id='word_1_303' title='bbox 1057 3478 1127 3519; x_wconf 89' lang='lat' dir='ltr'>cum</span> <span class='ocrx_word' id='word_1_304' title='bbox 1144 3454 1326 3516; x_wconf 76' lang='lat' dir='ltr'>Alexandro</span> <span class='ocrx_word' id='word_1_305' title='bbox 1341 3454 1486 3515; x_wconf 79' lang='lat' dir='ltr'>dimicari·</span> 
     </span>
    </p>
   </div>
   <div class='ocr_carea' id='block_1_3' title="bbox 891 3603 1048 3651">
    <p class='ocr_par' dir='ltr' id='par_1_7' title="bbox 891 3603 1048 3651">
     <span class='ocr_line' id='line_1_37' title="bbox 891 3603 1048 3651; baseline 0.013 -5"><span class='ocrx_word' id='word_1_306' title='bbox 891 3611 904 3646; x_wconf 77' lang='lat' dir='ltr'>t</span> <span class='ocrx_word' id='word_1_307' title='bbox 917 3606 963 3651; x_wconf 84' lang='lat' dir='ltr'>dno</span> <span class='ocrx_word' id='word_1_308' title='bbox 975 3603 1048 3651; x_wconf 77' lang='lat' dir='ltr'>Gron.</span> 
     </span>
    </p>
   </div>
   <div class='ocr_carea' id='block_1_4' title="bbox 428 3717 1546 4560">
    <p class='ocr_par' dir='ltr' id='par_1_8' title="bbox 428 3717 1546 4560">
     <span class='ocr_line' id='line_1_38' title="bbox 475 3717 1488 3793; baseline -0.011 -19"><span class='ocrx_word' id='word_1_309' title='bbox 475 3726 497 3761; x_wconf 76' lang='lat'>⁵⁸</span> <span class='ocrx_word' id='word_1_310' title='bbox 526 3725 593 3774; x_wconf 76' lang='lat' dir='ltr'>Tanti</span> <span class='ocrx_word' id='word_1_311' title='bbox 624 3728 682 3793; x_wconf 68' lang='lat' dir='ltr'>regit</span> <span class='ocrx_word' id='word_1_312' title='bbox 709 3744 736 3777; x_wconf 85' lang='lat' dir='ltr'>oo</span> <span class='ocrx_word' id='word_1_313' title='bbox 767 3728 829 3774; x_wconf 69' lang='lat' dir='ltr'>nnn</span> <span class='ocrx_word' id='word_1_314' title='bbox 857 3725 951 3788; x_wconf 68' lang='lat' dir='ltr'>muto]</span> <span class='ocrx_word' id='word_1_315' title='bbox 981 3723 1115 3771; x_wconf 70' lang='lat' dir='ltr'>allembaut.</span> <span class='ocrx_word' id='word_1_316' title='bbox 1152 3717 1488 3784; x_wconf 71' lang='lat' dir='ltr'>Videanueinltancoen·</span> 
     </span>
     <span class='ocr_line' id='line_1_39' title="bbox 442 3782 1487 3854; baseline -0.011 -15"><span class='ocrx_word' id='word_1_317' title='bbox 442 3788 566 3854; x_wconf 78' lang='lat' dir='ltr'>Postqunm</span> <span class='ocrx_word' id='word_1_318' title='bbox 580 3792 654 3839; x_wconf 78' lang='lat' dir='ltr'>semel</span> <span class='ocrx_word' id='word_1_319' title='bbox 671 3791 814 3839; x_wconf 81' lang='lat' dir='ltr'>mentionem</span> <span class='ocrx_word' id='word_1_320' title='bbox 828 3790 873 3837; x_wconf 78' lang='lat' dir='ltr'>feti</span> <span class='ocrx_word' id='word_1_321' title='bbox 888 3790 950 3837; x_wconf 79' lang='lat' dir='ltr'>tanti</span> <span class='ocrx_word' id='word_1_322' title='bbox 981 3789 1078 3836; x_wconf 78' lang='lat' dir='ltr'>tentiam</span> <span class='ocrx_word' id='word_1_323' title='bbox 1092 3789 1193 3849; x_wconf 74' lang='lat' dir='ltr'>disputat</span> <span class='ocrx_word' id='word_1_324' title='bbox 1208 3798 1289 3835; x_wconf 81' lang='lat' dir='ltr'>notter</span> <span class='ocrx_word' id='word_1_325' title='bbox 1302 3784 1361 3832; x_wconf 76' lang='lat' dir='ltr'>iun·</span> <span class='ocrx_word' id='word_1_326' title='bbox 1371 3784 1414 3830; x_wconf 80' lang='lat' dir='ltr'>rub</span> <span class='ocrx_word' id='word_1_327' title='bbox 1423 3782 1487 3829; x_wconf 81' lang='lat' dir='ltr'>finem</span> 
     </span>
     <span class='ocr_line' id='line_1_40' title="bbox 442 3854 1479 3916; baseline -0.007 -13"><span class='ocrx_word' id='word_1_328' title='bbox 442 3858 503 3916; x_wconf 72' lang='lat' dir='ltr'>tegit</span> <span class='ocrx_word' id='word_1_329' title='bbox 521 3872 548 3904; x_wconf 82' lang='lat' dir='ltr'>ae</span> <span class='ocrx_word' id='word_1_330' title='bbox 569 3857 642 3913; x_wconf 81' lang='lat' dir='ltr'>ducit,</span> <span class='ocrx_word' id='word_1_331' title='bbox 668 3856 802 3911; x_wconf 78' lang='lat' dir='ltr'>Alexandri,</span> <span class='ocrx_word' id='word_1_332' title='bbox 821 3854 877 3901; x_wconf 84' lang='lat' dir='ltr'>binc</span> <span class='ocrx_word' id='word_1_333' title='bbox 898 3855 950 3901; x_wconf 76' lang='lat' dir='ltr'>data</span> <span class='ocrx_word' id='word_1_334' title='bbox 981 3869 1003 3901; x_wconf 85' lang='lat' dir='ltr'>c.</span> <span class='ocrx_word' id='word_1_335' title='bbox 1016 3854 1053 3899; x_wconf 79' lang='lat' dir='ltr'>lt.</span> <span class='ocrx_word' id='word_1_336' title='bbox 1204 3864 1210 3873; x_wconf 89' lang='lat'>·</span> <span class='ocrx_word' id='word_1_337' title='bbox 1474 3856 1479 3867; x_wconf 82' lang='grc'><strong>’</strong></span> 
     </span>
     <span class='ocr_line' id='line_1_41' title="bbox 442 3910 1487 3980; baseline -0.01 -11"><span class='ocrx_word' id='word_1_338' title='bbox 442 3920 560 3969; x_wconf 74' lang='lat' dir='ltr'>occasione</span> <span class='ocrx_word' id='word_1_339' title='bbox 570 3921 635 3967; x_wconf 78' lang='lat' dir='ltr'>facile</span> <span class='ocrx_word' id='word_1_340' title='bbox 646 3921 745 3968; x_wconf 83' lang='lat' dir='ltr'>adducor</span> <span class='ocrx_word' id='word_1_341' title='bbox 761 3933 787 3967; x_wconf 87' lang='lat' dir='ltr'>m</span> <span class='ocrx_word' id='word_1_342' title='bbox 806 3920 830 3966; x_wconf 87' lang='lat' dir='ltr'>iu</span> <span class='ocrx_word' id='word_1_343' title='bbox 846 3920 949 3965; x_wconf 82' lang='lat' dir='ltr'>medium</span> <span class='ocrx_word' id='word_1_344' title='bbox 985 3921 988 3925; x_wconf 83' lang='grc'><em>“</em></span> <span class='ocrx_word' id='word_1_345' title='bbox 1011 3914 1036 3949; x_wconf 78' lang='lat'>⁶⁰</span> <span class='ocrx_word' id='word_1_346' title='bbox 1056 3916 1072 3946; x_wconf 72' lang='lat'><strong>‘</strong></span> <span class='ocrx_word' id='word_1_347' title='bbox 1093 3914 1191 3980; x_wconf 73' lang='lat' dir='ltr'>Cyrum]</span> <span class='ocrx_word' id='word_1_348' title='bbox 1218 3914 1329 3978; x_wconf 74' lang='lat' dir='ltr'>Sequitur</span> <span class='ocrx_word' id='word_1_349' title='bbox 1351 3913 1391 3961; x_wconf 85' lang='lat' dir='ltr'>hic</span> <span class='ocrx_word' id='word_1_350' title='bbox 1416 3910 1487 3959; x_wconf 64' lang='grc' dir='ltr'>[ἰών</span> 
     </span>
     <span class='ocr_line' id='line_1_42' title="bbox 442 3975 1487 4047; baseline -0.008 -16"><span class='ocrx_word' id='word_1_351' title='bbox 442 3986 555 4047; x_wconf 76' lang='lat' dir='ltr'>proferam</span> <span class='ocrx_word' id='word_1_352' title='bbox 574 4000 614 4032; x_wconf 75' lang='lat' dir='ltr'>ess</span> <span class='ocrx_word' id='word_1_353' title='bbox 634 3984 784 4044; x_wconf 77' lang='lat' dir='ltr'>cogitetioner</span> <span class='ocrx_word' id='word_1_354' title='bbox 805 3999 861 4045; x_wconf 79' lang='lat' dir='ltr'>quat</span> <span class='ocrx_word' id='word_1_355' title='bbox 881 3998 952 4046; x_wconf 69' lang='lat' dir='ltr'>repe,</span> <span class='ocrx_word' id='word_1_356' title='bbox 983 3982 1139 4036; x_wconf 83' lang='lat' dir='ltr'>Herodotum,</span> <span class='ocrx_word' id='word_1_357' title='bbox 1154 3982 1214 4042; x_wconf 75' lang='lat' dir='ltr'>npud</span> <span class='ocrx_word' id='word_1_358' title='bbox 1232 3996 1304 4041; x_wconf 84' lang='lat' dir='ltr'>quem</span> <span class='ocrx_word' id='word_1_359' title='bbox 1322 3980 1403 4042; x_wconf 76' lang='lat' dir='ltr'>Cyrus</span> <span class='ocrx_word' id='word_1_360' title='bbox 1417 3992 1430 4023; x_wconf 85' lang='lat' dir='ltr'>n</span> <span class='ocrx_word' id='word_1_361' title='bbox 1444 3975 1487 4020; x_wconf 83' lang='lat' dir='ltr'>To·</span> 
     </span>
     <span class='ocr_line' id='line_1_43' title="bbox 430 4043 1485 4111; baseline -0.009 -14"><span class='ocrx_word' id='word_1_362' title='bbox 430 4052 584 4111; x_wconf 80' lang='lat' dir='ltr'>.ptrpeudent</span> <span class='ocrx_word' id='word_1_363' title='bbox 606 4064 635 4095; x_wconf 81' lang='lat' dir='ltr'>ea</span> <span class='ocrx_word' id='word_1_364' title='bbox 661 4064 712 4111; x_wconf 83' lang='lat' dir='ltr'>quae</span> <span class='ocrx_word' id='word_1_365' title='bbox 734 4050 761 4095; x_wconf 73' lang='lat' dir='ltr'>ud</span> <span class='ocrx_word' id='word_1_366' title='bbox 783 4048 848 4095; x_wconf 88' lang='lat' dir='ltr'>illum</span> <span class='ocrx_word' id='word_1_367' title='bbox 870 4062 951 4106; x_wconf 74' lang='lat' dir='ltr'>regem</span> <span class='ocrx_word' id='word_1_368' title='bbox 983 4047 1043 4109; x_wconf 85' lang='lat' dir='ltr'>myri</span> <span class='ocrx_word' id='word_1_369' title='bbox 1063 4046 1247 4107; x_wconf 69' lang='lat' dir='ltr'>Massagemrum</span> <span class='ocrx_word' id='word_1_370' title='bbox 1261 4045 1344 4105; x_wconf 74' lang='lat' dir='ltr'>regina</span> <span class='ocrx_word' id='word_1_371' title='bbox 1359 4043 1485 4091; x_wconf 71' lang='lat' dir='ltr'>rictum·</span> 
     </span>
     <span class='ocr_line' id='line_1_44' title="bbox 443 4112 1458 4178; baseline -0.003 -19"><span class='ocrx_word' id='word_1_372' title='bbox 443 4114 671 4175; x_wconf 75' lang='lat' dir='ltr'>elmqueresgtttat</span> <span class='ocrx_word' id='word_1_373' title='bbox 686 4115 813 4177; x_wconf 81' lang='lat' dir='ltr'>pertinent,</span> <span class='ocrx_word' id='word_1_374' title='bbox 822 4112 900 4159; x_wconf 84' lang='lat' dir='ltr'>auimo</span> <span class='ocrx_word' id='word_1_375' title='bbox 910 4127 951 4159; x_wconf 82' lang='lat' dir='ltr'>ro·</span> <span class='ocrx_word' id='word_1_376' title='bbox 983 4126 1067 4172; x_wconf 76' lang='lat' dir='ltr'>susque</span> <span class='ocrx_word' id='word_1_377' title='bbox 1081 4122 1125 4158; x_wconf 79' lang='lat' dir='ltr'>est.</span> <span class='ocrx_word' id='word_1_378' title='bbox 1453 4166 1458 4178; x_wconf 37' lang='grc' dir='ltr'>Ι</span> 
     </span>
     <span class='ocr_line' id='line_1_45' title="bbox 442 4173 1488 4236; baseline -0.003 -13"><span class='ocrx_word' id='word_1_379' title='bbox 442 4176 523 4227; x_wconf 78' lang='lat' dir='ltr'>lutari.</span> <span class='ocrx_word' id='word_1_380' title='bbox 1015 4173 1038 4208; x_wconf 79' lang='lat'>⁶¹</span> <span class='ocrx_word' id='word_1_381' title='bbox 1054 4176 1083 4223; x_wconf 78' lang='lat' dir='ltr'>St</span> <span class='ocrx_word' id='word_1_382' title='bbox 1098 4173 1221 4236; x_wconf 80' lang='lat' dir='ltr'>Punicum]</span> <span class='ocrx_word' id='word_1_383' title='bbox 1242 4174 1268 4221; x_wconf 87' lang='lat' dir='ltr'>Si</span> <span class='ocrx_word' id='word_1_384' title='bbox 1286 4173 1415 4221; x_wconf 71' lang='lat' dir='ltr'>nieman</span> <span class='ocrx_word' id='word_1_385' title='bbox 1429 4182 1488 4230; x_wconf 57' lang='lat' dir='ltr'>pm*</span> 
     </span>
     <span class='ocr_line' id='line_1_46' title="bbox 433 4234 1485 4305; baseline -0.002 -16"><span class='ocrx_word' id='word_1_386' title='bbox 433 4258 436 4263; x_wconf 94' lang='lat'>·</span> <span class='ocrx_word' id='word_1_387' title='bbox 475 4238 600 4293; x_wconf 70' lang='lat' dir='ltr'>⁶⁹⁸de</span> <span class='ocrx_word' id='word_1_388' title='bbox 610 4240 735 4305; x_wconf 74' lang='lat' dir='ltr'>anmsult]</span> <span class='ocrx_word' id='word_1_389' title='bbox 750 4238 819 4293; x_wconf 79' lang='lat' dir='ltr'>Quod</span> <span class='ocrx_word' id='word_1_390' title='bbox 829 4240 952 4289; x_wconf 64' lang='lat' dir='ltr'>”misine</span> <span class='ocrx_word' id='word_1_391' title='bbox 983 4257 1037 4289; x_wconf 83' lang='lat' dir='ltr'>rum</span> <span class='ocrx_word' id='word_1_392' title='bbox 1048 4239 1128 4287; x_wconf 79' lang='lat' dir='ltr'>Poenis</span> <span class='ocrx_word' id='word_1_393' title='bbox 1138 4240 1237 4296; x_wconf 77' lang='lat' dir='ltr'>bellino,</span> <span class='ocrx_word' id='word_1_394' title='bbox 1254 4255 1324 4302; x_wconf 80' lang='lat' dir='ltr'>qnam</span> <span class='ocrx_word' id='word_1_395' title='bbox 1342 4252 1397 4287; x_wconf 82' lang='lat' dir='ltr'>cunt</span> <span class='ocrx_word' id='word_1_396' title='bbox 1408 4234 1485 4281; x_wconf 68' lang='lat' dir='ltr'>liw-</span> 
     </span>
     <span class='ocr_line' id='line_1_47' title="bbox 443 4300 1475 4370; baseline -0.004 -18"><span class='ocrx_word' id='word_1_397' title='bbox 443 4300 530 4360; x_wconf 66' lang='lat' dir='ltr'>mlltga</span> <span class='ocrx_word' id='word_1_398' title='bbox 557 4319 595 4351; x_wconf 81' lang='lat' dir='ltr'>ret</span> <span class='ocrx_word' id='word_1_399' title='bbox 621 4307 701 4365; x_wconf 72' lang='lat' dir='ltr'>gessit.</span> <span class='ocrx_word' id='word_1_400' title='bbox 741 4306 852 4353; x_wconf 82' lang='lat' dir='ltr'>lntuetur</span> <span class='ocrx_word' id='word_1_401' title='bbox 874 4305 953 4353; x_wconf 75' lang='lat' dir='ltr'>Lirim</span> <span class='ocrx_word' id='word_1_402' title='bbox 984 4306 1143 4362; x_wconf 73' lang='lat' dir='ltr'>disgessitset.</span> <span class='ocrx_word' id='word_1_403' title='bbox 1398 4319 1409 4331; x_wconf 56' lang='lat'>⁸</span> <span class='ocrx_word' id='word_1_404' title='bbox 1470 4359 1475 4370; x_wconf 37' lang='lat'>¹</span> 
     </span>
     <span class='ocr_line' id='line_1_48' title="bbox 442 4359 1486 4432; baseline 0.004 -25"><span class='ocrx_word' id='word_1_405' title='bbox 442 4359 559 4411; x_wconf 74' lang='lat' dir='ltr'>Romanos</span> <span class='ocrx_word' id='word_1_406' title='bbox 575 4368 655 4427; x_wconf 79' lang='lat' dir='ltr'>duces,</span> <span class='ocrx_word' id='word_1_407' title='bbox 673 4369 757 4431; x_wconf 78' lang='lat' dir='ltr'>quibus</span> <span class='ocrx_word' id='word_1_408' title='bbox 770 4368 840 4415; x_wconf 80' lang='lat' dir='ltr'>additi</span> <span class='ocrx_word' id='word_1_409' title='bbox 858 4369 952 4429; x_wconf 71' lang='lat' dir='ltr'>college</span> <span class='ocrx_word' id='word_1_410' title='bbox 1013 4366 1038 4401; x_wconf 71' lang='lat'>⁶¹</span> <span class='ocrx_word' id='word_1_411' title='bbox 1053 4366 1240 4427; x_wconf 57' lang='lat' dir='ltr'>Quantum,</span> <span class='ocrx_word' id='word_1_412' title='bbox 1256 4367 1288 4432; x_wconf 75' lang='lat' dir='ltr'>tt]</span> <span class='ocrx_word' id='word_1_413' title='bbox 1304 4369 1386 4422; x_wconf 71' lang='lat' dir='ltr'>Quem</span> <span class='ocrx_word' id='word_1_414' title='bbox 1406 4364 1422 4411; x_wconf 77' lang='grc' dir='ltr'>ἴι</span> <span class='ocrx_word' id='word_1_415' title='bbox 1441 4376 1486 4423; x_wconf 77' lang='lat' dir='ltr'>qut-</span> 
     </span>
     <span class='ocr_line' id='line_1_49' title="bbox 428 4432 1546 4498; baseline 0.001 -21"><span class='ocrx_word' id='word_1_416' title='bbox 428 4434 483 4497; x_wconf 68' lang='lat' dir='ltr'>·utt</span> <span class='ocrx_word' id='word_1_417' title='bbox 509 4438 596 4487; x_wconf 78' lang='lat' dir='ltr'>panem</span> <span class='ocrx_word' id='word_1_418' title='bbox 624 4432 697 4479; x_wconf 75' lang='lat' dir='ltr'>laudis</span> <span class='ocrx_word' id='word_1_419' title='bbox 726 4433 887 4493; x_wconf 62' lang='lat' dir='ltr'>astruebant,</span> <span class='ocrx_word' id='word_1_420' title='bbox 911 4444 952 4481; x_wconf 77' lang='lat' dir='ltr'>aut</span> <span class='ocrx_word' id='word_1_421' title='bbox 983 4432 1078 4479; x_wconf 80' lang='lat' dir='ltr'>tuscum</span> <span class='ocrx_word' id='word_1_422' title='bbox 1111 4434 1245 4481; x_wconf 70' lang='lat' dir='ltr'>Alexandro</span> <span class='ocrx_word' id='word_1_423' title='bbox 1273 4434 1405 4481; x_wconf 76' lang='lat' dir='ltr'>telhnduu</span> <span class='ocrx_word' id='word_1_424' title='bbox 1434 4435 1485 4498; x_wconf 59' lang='grc' dir='ltr'>ως,</span> <span class='ocrx_word' id='word_1_425' title='bbox 1545 4443 1546 4478; x_wconf 85' lang='lat' dir='ltr'>l</span> 
     </span>
     <span class='ocr_line' id='line_1_50' title="bbox 444 4489 1485 4560; baseline 0.006 -24"><span class='ocrx_word' id='word_1_426' title='bbox 444 4498 513 4538; x_wconf 79' lang='lat' dir='ltr'>enam</span> <span class='ocrx_word' id='word_1_427' title='bbox 539 4489 731 4555; x_wconf 80' lang='lat' dir='ltr'>impedimentum</span> <span class='ocrx_word' id='word_1_428' title='bbox 756 4498 825 4545; x_wconf 74' lang='lat' dir='ltr'>rebus</span> <span class='ocrx_word' id='word_1_429' title='bbox 845 4499 952 4558; x_wconf 70' lang='lat' dir='ltr'>gerendis</span> <span class='ocrx_word' id='word_1_430' title='bbox 981 4495 1079 4560; x_wconf 77' lang='lat' dir='ltr'>juvenes</span> <span class='ocrx_word' id='word_1_431' title='bbox 1087 4511 1170 4547; x_wconf 75' lang='lat' dir='ltr'>senem</span> <span class='ocrx_word' id='word_1_432' title='bbox 1185 4497 1300 4548; x_wconf 74' lang='lat' dir='ltr'>riderent.</span> <span class='ocrx_word' id='word_1_433' title='bbox 1334 4492 1485 4545; x_wconf 61' lang='lat' dir='ltr'>camba</span> 
     </span>
    </p>
   </div>
   <div class='ocr_carea' id='block_1_5' title="bbox 0 0 1592 5200">
    <p class='ocr_par' dir='ltr' id='par_1_9' title="bbox 0 0 1592 5200">
     <span class='ocr_line' id='line_1_51' title="bbox 0 0 1592 5200; baseline 0 3"><span class='ocrx_word' id='word_1_434' title='bbox 0 0 1592 5200; x_wconf 95' lang='lat' dir='ltr'> </span> 
     </span>
    </p>
   </div>
  </div>
 </body>
</html>
