<?xml version="1.0" encoding="UTF-8"?>
<!DOCTYPE html PUBLIC "-//W3C//DTD XHTML 1.0 Transitional//EN"
    "http://www.w3.org/TR/xhtml1/DTD/xhtml1-transitional.dtd">
<html xmlns="http://www.w3.org/1999/xhtml" xml:lang="en" lang="en">
 <head>
  <title>
</title>
<meta http-equiv="Content-Type" content="text/html;charset=utf-8" />
  <meta name='ocr-system' content='tesseract 3.04.00' />
  <meta name='ocr-capabilities' content='ocr_page ocr_carea ocr_par ocr_line ocrx_word'/>
</head>
<body>
  <div class='ocr_page' id='page_1' title='image "./tliviipatavinih03grongoog_0009.png"; bbox 0 0 3175 5200; ppageno 0'>
   <div class='ocr_carea' id='block_1_1' title="bbox 418 1031 1061 1214">
    <p class='ocr_par' dir='ltr' id='par_1_1' title="bbox 418 1031 1061 1214">
     <span class='ocr_line' id='line_1_1' title="bbox 418 1031 1061 1214; baseline 0.006 -36"><span class='ocrx_word' id='word_1_1' title='bbox 418 1080 924 1214; x_wconf 16' lang='lat' dir='ltr'><strong>*taurona</strong></span> <span class='ocrx_word' id='word_1_2' title='bbox 1056 1031 1061 1040; x_wconf 77' lang='grc'><strong>’</strong></span> 
     </span>
    </p>
   </div>
   <div class='ocr_carea' id='block_1_2' title="bbox 172 1527 1218 1658">
    <p class='ocr_par' dir='ltr' id='par_1_2' title="bbox 172 1527 1218 1658">
     <span class='ocr_line' id='line_1_2' title="bbox 172 1527 1218 1658; baseline -0.001 -10"><span class='ocrx_word' id='word_1_3' title='bbox 172 1559 175 1570; x_wconf 85' lang='grc'><strong>’</strong></span> <span class='ocrx_word' id='word_1_4' title='bbox 221 1569 436 1649; x_wconf 80' lang='lat' dir='ltr'><strong>oranuru</strong></span> <span class='ocrx_word' id='word_1_5' title='bbox 461 1569 536 1644; x_wconf 80' lang='lat' dir='ltr'><strong>nu</strong></span> <span class='ocrx_word' id='word_1_6' title='bbox 556 1568 847 1658; x_wconf 61' lang='lat' dir='ltr'><strong>naamani,</strong></span> <span class='ocrx_word' id='word_1_7' title='bbox 866 1527 966 1645; x_wconf 67' lang='lat' dir='ltr'><strong>ruas</strong></span> <span class='ocrx_word' id='word_1_8' title='bbox 983 1573 1218 1648; x_wconf 73' lang='lat' dir='ltr'><strong>cereuerama</strong></span> 
     </span>
    </p>
   </div>
   <div class='ocr_carea' id='block_1_3' title="bbox 26 1680 1218 1806">
    <p class='ocr_par' dir='ltr' id='par_1_3' title="bbox 26 1680 1218 1806">
     <span class='ocr_line' id='line_1_3' title="bbox 26 1680 1218 1806; baseline 0.006 -40"><span class='ocrx_word' id='word_1_9' title='bbox 26 1749 29 1755; x_wconf 83' lang='grc'><em>.</em></span> <span class='ocrx_word' id='word_1_10' title='bbox 166 1680 450 1806; x_wconf 70' lang='lat' dir='ltr'><strong>aepolitissimi</strong></span> <span class='ocrx_word' id='word_1_11' title='bbox 472 1694 683 1793; x_wconf 71' lang='lat' dir='ltr'><strong>scriptoria,</strong></span> <span class='ocrx_word' id='word_1_12' title='bbox 698 1693 827 1768; x_wconf 87' lang='lat' dir='ltr'><strong>Editio</strong></span> <span class='ocrx_word' id='word_1_13' title='bbox 853 1719 962 1785; x_wconf 89' lang='lat' dir='ltr'><strong>nova,</strong></span> <span class='ocrx_word' id='word_1_14' title='bbox 988 1697 1109 1770; x_wconf 88' lang='lat' dir='ltr'><strong>multa</strong></span> <span class='ocrx_word' id='word_1_15' title='bbox 1126 1719 1218 1773; x_wconf 85' lang='lat' dir='ltr'><strong>cura</strong></span> 
     </span>
    </p>
   </div>
   <div class='ocr_carea' id='block_1_4' title="bbox 160 1817 1236 2655">
    <p class='ocr_par' dir='ltr' id='par_1_4' title="bbox 169 1817 1219 1910">
     <span class='ocr_line' id='line_1_4' title="bbox 169 1817 1219 1910; baseline 0 -16"><span class='ocrx_word' id='word_1_16' title='bbox 169 1819 370 1910; x_wconf 85' lang='lat' dir='ltr'><strong>elaborata,</strong></span> <span class='ocrx_word' id='word_1_17' title='bbox 390 1817 601 1909; x_wconf 86' lang='lat' dir='ltr'><strong>emendata,</strong></span> <span class='ocrx_word' id='word_1_18' title='bbox 619 1817 699 1908; x_wconf 87' lang='lat' dir='ltr'><strong>tibi,</strong></span> <span class='ocrx_word' id='word_1_19' title='bbox 723 1818 843 1893; x_wconf 82' lang='lat' dir='ltr'><strong>amice</strong></span> <span class='ocrx_word' id='word_1_20' title='bbox 857 1819 1004 1909; x_wconf 81' lang='lat' dir='ltr'>Lector,</span> <span class='ocrx_word' id='word_1_21' title='bbox 1020 1829 1219 1895; x_wconf 79' lang='lat' dir='ltr'><strong>anteocu-</strong></span> 
     </span>
    </p>

    <p class='ocr_par' dir='ltr' id='par_1_5' title="bbox 167 1941 1236 2139">
     <span class='ocr_line' id='line_1_5' title="bbox 167 1941 1236 2044; baseline -0.003 -30"><span class='ocrx_word' id='word_1_22' title='bbox 167 1943 224 2017; x_wconf 88' lang='lat' dir='ltr'><strong>los</strong></span> <span class='ocrx_word' id='word_1_23' title='bbox 242 1943 337 2016; x_wconf 92' lang='lat' dir='ltr'><strong>etin</strong></span> <span class='ocrx_word' id='word_1_24' title='bbox 354 1941 528 2016; x_wconf 85' lang='lat' dir='ltr'><strong>manibus</strong></span> <span class='ocrx_word' id='word_1_25' title='bbox 545 1942 725 2014; x_wconf 79' lang='lat' dir='ltr'><strong>versatur.</strong></span> <span class='ocrx_word' id='word_1_26' title='bbox 782 1949 785 1954; x_wconf 85' lang='lat'>&#39;</span> <span class='ocrx_word' id='word_1_27' title='bbox 1229 2032 1236 2044; x_wconf 21' lang='lat' dir='ltr'>x</span> 
     </span>
     <span class='ocr_line' id='line_1_6' title="bbox 216 2045 1217 2139; baseline 0.001 -1"><span class='ocrx_word' id='word_1_28' title='bbox 216 2067 399 2138; x_wconf 89' lang='lat' dir='ltr'><strong>Nostrum</strong></span> <span class='ocrx_word' id='word_1_29' title='bbox 428 2064 578 2138; x_wconf 77' lang='lat' dir='ltr'><strong>Livium</strong></span> <span class='ocrx_word' id='word_1_30' title='bbox 609 2045 656 2136; x_wconf 85' lang='lat' dir='ltr'><strong>ex</strong></span> <span class='ocrx_word' id='word_1_31' title='bbox 682 2063 901 2137; x_wconf 81' lang='lat' dir='ltr'>recensione</span> <span class='ocrx_word' id='word_1_32' title='bbox 923 2063 1017 2139; x_wconf 84' lang='lat' dir='ltr'><strong>Am.</strong></span> <span class='ocrx_word' id='word_1_33' title='bbox 1040 2063 1217 2139; x_wconf 84' lang='lat' dir='ltr'><strong>Draken-</strong></span> 
     </span>
    </p>

    <p class='ocr_par' dir='ltr' id='par_1_6' title="bbox 166 2187 1219 2285">
     <span class='ocr_line' id='line_1_7' title="bbox 166 2187 1219 2285; baseline -0.004 -21"><span class='ocrx_word' id='word_1_34' title='bbox 166 2187 321 2278; x_wconf 90' lang='lat' dir='ltr'><strong>borchii‚</strong></span> <span class='ocrx_word' id='word_1_35' title='bbox 340 2188 448 2285; x_wconf 85' lang='lat' dir='ltr'><strong>cujus</strong></span> <span class='ocrx_word' id='word_1_36' title='bbox 472 2187 572 2260; x_wconf 84' lang='lat' dir='ltr'><strong>fama</strong></span> <span class='ocrx_word' id='word_1_37' title='bbox 592 2209 660 2284; x_wconf 86' lang='lat' dir='ltr'><strong>per</strong></span> <span class='ocrx_word' id='word_1_38' title='bbox 684 2193 810 2260; x_wconf 88' lang='lat' dir='ltr'><strong>totum</strong></span> <span class='ocrx_word' id='word_1_39' title='bbox 836 2187 967 2258; x_wconf 87' lang='lat' dir='ltr'><strong>orbem</strong></span> <span class='ocrx_word' id='word_1_40' title='bbox 989 2187 1069 2282; x_wconf 85' lang='lat' dir='ltr'><strong>jam</strong></span> <span class='ocrx_word' id='word_1_41' title='bbox 1092 2187 1219 2262; x_wconf 70' lang='lat' dir='ltr'><strong>divid-</strong></span> 
     </span>
    </p>

    <p class='ocr_par' dir='ltr' id='par_1_7' title="bbox 166 2307 819 2409">
     <span class='ocr_line' id='line_1_8' title="bbox 166 2307 819 2409; baseline -0.012 -22"><span class='ocrx_word' id='word_1_42' title='bbox 166 2321 256 2409; x_wconf 79' lang='lat' dir='ltr'><strong>gata</strong></span> <span class='ocrx_word' id='word_1_43' title='bbox 273 2319 344 2400; x_wconf 89' lang='lat' dir='ltr'><strong>est,</strong></span> <span class='ocrx_word' id='word_1_44' title='bbox 359 2333 578 2407; x_wconf 86' lang='lat' dir='ltr'><strong>expressum</strong></span> <span class='ocrx_word' id='word_1_45' title='bbox 596 2307 819 2381; x_wconf 79' lang='lat' dir='ltr'><strong>curavimus.</strong></span> 
     </span>
    </p>

    <p class='ocr_par' dir='ltr' id='par_1_8' title="bbox 160 2429 1217 2511">
     <span class='ocr_line' id='line_1_9' title="bbox 160 2429 1217 2511; baseline -0.006 -1"><span class='ocrx_word' id='word_1_46' title='bbox 160 2487 171 2511; x_wconf 85' lang='lat'><em>.</em></span> <span class='ocrx_word' id='word_1_47' title='bbox 217 2429 253 2506; x_wconf 85' lang='lat' dir='ltr'><strong>J.</strong></span> <span class='ocrx_word' id='word_1_48' title='bbox 281 2433 325 2505; x_wconf 94' lang='lat' dir='ltr'><strong>B.</strong></span> <span class='ocrx_word' id='word_1_49' title='bbox 356 2433 400 2505; x_wconf 84' lang='lat' dir='ltr'><strong>L.</strong></span> <span class='ocrx_word' id='word_1_50' title='bbox 433 2430 610 2504; x_wconf 85' lang='lat' dir='ltr'><strong>Crevierii</strong></span> <span class='ocrx_word' id='word_1_51' title='bbox 634 2431 907 2504; x_wconf 87' lang='lat' dir='ltr'><strong>Anuotationes</strong></span> <span class='ocrx_word' id='word_1_52' title='bbox 935 2432 1004 2504; x_wconf 85' lang='lat' dir='ltr'><strong>sub</strong></span> <span class='ocrx_word' id='word_1_53' title='bbox 1031 2440 1217 2506; x_wconf 88' lang='lat' dir='ltr'><strong>contextu</strong></span> 
     </span>
    </p>

    <p class='ocr_par' dir='ltr' id='par_1_9' title="bbox 165 2552 1216 2655">
     <span class='ocr_line' id='line_1_10' title="bbox 165 2552 1216 2655; baseline -0.004 -23"><span class='ocrx_word' id='word_1_54' title='bbox 165 2557 306 2655; x_wconf 86' lang='lat' dir='ltr'><strong>positas</strong></span> <span class='ocrx_word' id='word_1_55' title='bbox 326 2553 525 2629; x_wconf 87' lang='lat' dir='ltr'><strong>voluimus.</strong></span> <span class='ocrx_word' id='word_1_56' title='bbox 586 2553 690 2645; x_wconf 88' lang='lat' dir='ltr'><strong>Quas</strong></span> <span class='ocrx_word' id='word_1_57' title='bbox 708 2552 888 2627; x_wconf 85' lang='lat' dir='ltr'><strong>asterisco</strong></span> <span class='ocrx_word' id='word_1_58' title='bbox 904 2552 1131 2643; x_wconf 85' lang='lat' dir='ltr'><strong>notavimus,</strong></span> <span class='ocrx_word' id='word_1_59' title='bbox 1150 2577 1216 2628; x_wconf 86' lang='lat' dir='ltr'><strong>eas</strong></span> 
     </span>
    </p>
   </div>
   <div class='ocr_carea' id='block_1_5' title="bbox 20 2675 1223 2777">
    <p class='ocr_par' dir='ltr' id='par_1_10' title="bbox 20 2675 1223 2777">
     <span class='ocr_line' id='line_1_11' title="bbox 20 2675 1223 2777; baseline -0.004 -21"><span class='ocrx_word' id='word_1_60' title='bbox 20 2766 23 2777; x_wconf 48' lang='grc'><strong>,</strong></span> <span class='ocrx_word' id='word_1_61' title='bbox 166 2706 213 2755; x_wconf 84' lang='lat' dir='ltr'><strong>ex</strong></span> <span class='ocrx_word' id='word_1_62' title='bbox 243 2679 407 2753; x_wconf 87' lang='lat' dir='ltr'><strong>editione</strong></span> <span class='ocrx_word' id='word_1_63' title='bbox 436 2702 501 2751; x_wconf 85' lang='lat' dir='ltr'><strong>sex</strong></span> <span class='ocrx_word' id='word_1_64' title='bbox 532 2676 644 2751; x_wconf 90' lang='lat' dir='ltr'><strong>tomis</strong></span> <span class='ocrx_word' id='word_1_65' title='bbox 674 2675 957 2774; x_wconf 86' lang='lat' dir='ltr'><strong>comprehensa,</strong></span> <span class='ocrx_word' id='word_1_66' title='bbox 987 2700 1031 2749; x_wconf 89' lang='lat' dir='ltr'><strong>ac</strong></span> <span class='ocrx_word' id='word_1_67' title='bbox 1062 2675 1223 2751; x_wconf 81' lang='lat' dir='ltr'><strong>Parisiis</strong></span> 
     </span>
    </p>
   </div>
   <div class='ocr_carea' id='block_1_6' title="bbox 163 2799 1212 3511">
    <p class='ocr_par' dir='ltr' id='par_1_11' title="bbox 165 2799 923 2879">
     <span class='ocr_line' id='line_1_12' title="bbox 165 2799 923 2879; baseline -0.011 0"><span class='ocrx_word' id='word_1_68' title='bbox 165 2804 265 2879; x_wconf 89' lang='lat' dir='ltr'><strong>edita</strong></span> <span class='ocrx_word' id='word_1_69' title='bbox 281 2827 381 2877; x_wconf 91' lang='lat' dir='ltr'><strong>anno</strong></span> <span class='ocrx_word' id='word_1_70' title='bbox 402 2802 510 2878; x_wconf 88' lang='grc'><strong>1746.</strong></span> <span class='ocrx_word' id='word_1_71' title='bbox 530 2800 642 2875; x_wconf 92' lang='lat' dir='ltr'><strong>duod.</strong></span> <span class='ocrx_word' id='word_1_72' title='bbox 662 2799 923 2873; x_wconf 87' lang='lat' dir='ltr'><strong>desumsimus.</strong></span> 
     </span>
    </p>

    <p class='ocr_par' dir='ltr' id='par_1_12' title="bbox 163 2922 1212 3511">
     <span class='ocr_line' id='line_1_13' title="bbox 214 2922 1212 3024; baseline -0.001 -26"><span class='ocrx_word' id='word_1_73' title='bbox 214 2926 418 3001; x_wconf 86' lang='lat' dir='ltr'><strong>Contextui</strong></span> <span class='ocrx_word' id='word_1_74' title='bbox 435 2948 546 3024; x_wconf 89' lang='lat' dir='ltr'><strong>porro</strong></span> <span class='ocrx_word' id='word_1_75' title='bbox 575 2933 613 2997; x_wconf 89' lang='lat' dir='ltr'><strong>et</strong></span> <span class='ocrx_word' id='word_1_76' title='bbox 642 2922 946 2999; x_wconf 80' lang='lat' dir='ltr'><strong>annotationibus</strong></span> <span class='ocrx_word' id='word_1_77' title='bbox 970 2922 1212 2997; x_wconf 85' lang='lat' dir='ltr'><strong>collationem</strong></span> 
     </span>
     <span class='ocr_line' id='line_1_14' title="bbox 163 3046 1212 3143; baseline 0 -20"><span class='ocrx_word' id='word_1_78' title='bbox 163 3049 372 3125; x_wconf 84' lang='lat' dir='ltr'><strong>editionum</strong></span> <span class='ocrx_word' id='word_1_79' title='bbox 403 3048 592 3139; x_wconf 90' lang='lat' dir='ltr'><strong>Gronovii‚</strong></span> <span class='ocrx_word' id='word_1_80' title='bbox 626 3046 815 3136; x_wconf 88' lang='lat' dir='ltr'><strong>Crevierii,</strong></span> <span class='ocrx_word' id='word_1_81' title='bbox 847 3046 1056 3143; x_wconf 84' lang='lat' dir='ltr'><strong>Doeringii,</strong></span> <span class='ocrx_word' id='word_1_82' title='bbox 1073 3056 1096 3099; x_wconf 71' lang='lat'><strong>⁴*</strong></span> <span class='ocrx_word' id='word_1_83' title='bbox 1128 3050 1212 3123; x_wconf 88' lang='lat' dir='ltr'><strong>Ru-</strong></span> 
     </span>
     <span class='ocr_line' id='line_1_15' title="bbox 163 3169 1208 3269; baseline 0 -23"><span class='ocrx_word' id='word_1_84' title='bbox 163 3174 284 3269; x_wconf 88' lang='lat' dir='ltr'><strong>pertii,</strong></span> <span class='ocrx_word' id='word_1_85' title='bbox 326 3197 476 3246; x_wconf 84' lang='lat' dir='ltr'><strong>necnon</strong></span> <span class='ocrx_word' id='word_1_86' title='bbox 518 3172 679 3246; x_wconf 88' lang='lat' dir='ltr'><strong>duorum</strong></span> <span class='ocrx_word' id='word_1_87' title='bbox 717 3170 850 3267; x_wconf 86' lang='lat' dir='ltr'><strong>magni</strong></span> <span class='ocrx_word' id='word_1_88' title='bbox 886 3169 994 3267; x_wconf 90' lang='lat' dir='ltr'><strong>pretii</strong></span> <span class='ocrx_word' id='word_1_89' title='bbox 1031 3171 1208 3246; x_wconf 87' lang='lat' dir='ltr'><strong>codicum</strong></span> 
     </span>
     <span class='ocr_line' id='line_1_16' title="bbox 164 3291 1211 3389; baseline -0.002 -20"><span class='ocrx_word' id='word_1_90' title='bbox 164 3295 368 3369; x_wconf 89' lang='lat' dir='ltr'><strong>MStorum</strong></span> <span class='ocrx_word' id='word_1_91' title='bbox 389 3294 701 3389; x_wconf 82' lang='lat' dir='ltr'><strong>interponendam</strong></span> <span class='ocrx_word' id='word_1_92' title='bbox 722 3291 984 3387; x_wconf 85' lang='lat' dir='ltr'><strong>judicavimus.</strong></span> <span class='ocrx_word' id='word_1_93' title='bbox 1036 3293 1211 3383; x_wconf 91' lang='lat' dir='ltr'><strong>Quorum</strong></span> 
     </span>
     <span class='ocr_line' id='line_1_17' title="bbox 163 3409 1208 3511; baseline 0.002 -24"><span class='ocrx_word' id='word_1_94' title='bbox 163 3414 351 3488; x_wconf 88' lang='lat' dir='ltr'><strong>Codicum</strong></span> <span class='ocrx_word' id='word_1_95' title='bbox 375 3412 550 3487; x_wconf 89' lang='lat' dir='ltr'><strong>notitiam</strong></span> <span class='ocrx_word' id='word_1_96' title='bbox 574 3410 749 3485; x_wconf 88' lang='lat' dir='ltr'><strong>fratribus</strong></span> <span class='ocrx_word' id='word_1_97' title='bbox 766 3411 878 3485; x_wconf 91' lang='lat' dir='ltr'><strong>Veith</strong></span> <span class='ocrx_word' id='word_1_98' title='bbox 904 3409 1123 3511; x_wconf 88' lang='lat' dir='ltr'><strong>Bibliopolis</strong></span> <span class='ocrx_word' id='word_1_99' title='bbox 1140 3416 1208 3489; x_wconf 90' lang='lat' dir='ltr'><strong>de·</strong></span> 
     </span>
    </p>
   </div>
   <div class='ocr_carea' id='block_1_7' title="bbox 20 3533 1208 3634">
    <p class='ocr_par' dir='ltr' id='par_1_13' title="bbox 20 3533 1208 3634">
     <span class='ocr_line' id='line_1_18' title="bbox 20 3533 1208 3634; baseline 0.003 -24"><span class='ocrx_word' id='word_1_100' title='bbox 20 3572 22 3587; x_wconf 81' lang='lat'><em>=</em></span> <span class='ocrx_word' id='word_1_101' title='bbox 161 3538 276 3611; x_wconf 86' lang='lat' dir='ltr'><strong>bebat</strong></span> <span class='ocrx_word' id='word_1_102' title='bbox 316 3535 534 3629; x_wconf 85' lang='lat' dir='ltr'><strong>Fredericus</strong></span> <span class='ocrx_word' id='word_1_103' title='bbox 567 3534 613 3607; x_wconf 90' lang='lat' dir='ltr'><strong>A.</strong></span> <span class='ocrx_word' id='word_1_104' title='bbox 649 3534 789 3629; x_wconf 80' lang='lat' dir='ltr'><strong>Stroth,</strong></span> <span class='ocrx_word' id='word_1_105' title='bbox 829 3533 868 3607; x_wconf 94' lang='lat' dir='ltr'><strong>in</strong></span> <span class='ocrx_word' id='word_1_106' title='bbox 900 3536 1007 3634; x_wconf 86' lang='lat' dir='ltr'><strong>cujus</strong></span> <span class='ocrx_word' id='word_1_107' title='bbox 1043 3537 1208 3615; x_wconf 87' lang='lat' dir='ltr'><strong>editione</strong></span> 
     </span>
    </p>
   </div>
   <div class='ocr_carea' id='block_1_8' title="bbox 160 3656 1208 4117">
    <p class='ocr_par' dir='ltr' id='par_1_14' title="bbox 161 3656 1027 3756">
     <span class='ocr_line' id='line_1_19' title="bbox 161 3656 1027 3756; baseline 0 -23"><span class='ocrx_word' id='word_1_108' title='bbox 161 3658 260 3733; x_wconf 91' lang='lat' dir='ltr'><strong>Livii</strong></span> <span class='ocrx_word' id='word_1_109' title='bbox 286 3658 332 3732; x_wconf 93' lang='lat' dir='ltr'><strong>de</strong></span> <span class='ocrx_word' id='word_1_110' title='bbox 362 3658 453 3756; x_wconf 89' lang='lat' dir='ltr'><strong>ipsis</strong></span> <span class='ocrx_word' id='word_1_111' title='bbox 482 3658 645 3755; x_wconf 90' lang='lat' dir='ltr'><strong>primum</strong></span> <span class='ocrx_word' id='word_1_112' title='bbox 668 3656 811 3737; x_wconf 85' lang='lat' dir='ltr'><strong>mentio</strong></span> <span class='ocrx_word' id='word_1_113' title='bbox 836 3668 895 3731; x_wconf 90' lang='lat' dir='ltr'><strong>est</strong></span> <span class='ocrx_word' id='word_1_114' title='bbox 917 3658 1027 3733; x_wconf 84' lang='lat' dir='ltr'><strong>facta.</strong></span> 
     </span>
    </p>

    <p class='ocr_par' dir='ltr' id='par_1_15' title="bbox 160 3779 1208 4117">
     <span class='ocr_line' id='line_1_20' title="bbox 212 3779 1207 3857; baseline 0.002 -2"><span class='ocrx_word' id='word_1_115' title='bbox 212 3782 332 3856; x_wconf 85' lang='lat' dir='ltr'><strong>Index</strong></span> <span class='ocrx_word' id='word_1_116' title='bbox 349 3781 388 3853; x_wconf 92' lang='lat' dir='ltr'><strong>in</strong></span> <span class='ocrx_word' id='word_1_117' title='bbox 406 3780 656 3855; x_wconf 86' lang='lat' dir='ltr'><strong>Historiarum</strong></span> <span class='ocrx_word' id='word_1_118' title='bbox 673 3779 806 3853; x_wconf 87' lang='lat' dir='ltr'><strong>Libros</strong></span> <span class='ocrx_word' id='word_1_119' title='bbox 822 3781 871 3853; x_wconf 90' lang='lat' dir='ltr'><strong>ab</strong></span> <span class='ocrx_word' id='word_1_120' title='bbox 886 3781 1110 3857; x_wconf 87' lang='lat' dir='ltr'><strong>Emestiana</strong></span> <span class='ocrx_word' id='word_1_121' title='bbox 1126 3784 1207 3857; x_wconf 92' lang='lat' dir='ltr'><strong>edi-</strong></span> 
     </span>
     <span class='ocr_line' id='line_1_21' title="bbox 160 3904 1207 3998; baseline -0.001 -16"><span class='ocrx_word' id='word_1_122' title='bbox 160 3907 265 3982; x_wconf 88' lang='lat' dir='ltr'><strong>tione</strong></span> <span class='ocrx_word' id='word_1_123' title='bbox 288 3905 329 3978; x_wconf 91' lang='lat' dir='ltr'><strong>iu</strong></span> <span class='ocrx_word' id='word_1_124' title='bbox 353 3913 521 3978; x_wconf 90' lang='lat' dir='ltr'><strong>nostram</strong></span> <span class='ocrx_word' id='word_1_125' title='bbox 549 3915 607 3979; x_wconf 85' lang='lat' dir='ltr'><strong>est</strong></span> <span class='ocrx_word' id='word_1_126' title='bbox 637 3904 852 3978; x_wconf 87' lang='lat' dir='ltr'><strong>translatus.</strong></span> <span class='ocrx_word' id='word_1_127' title='bbox 915 3906 1136 3998; x_wconf 88' lang='lat' dir='ltr'><strong>Quinetiam</strong></span> <span class='ocrx_word' id='word_1_128' title='bbox 1156 3932 1207 3981; x_wconf 82' lang='lat' dir='ltr'><strong>ex</strong></span> 
     </span>
     <span class='ocr_line' id='line_1_22' title="bbox 161 4026 1208 4117; baseline 0.002 -13"><span class='ocrx_word' id='word_1_129' title='bbox 161 4030 294 4105; x_wconf 90' lang='lat' dir='ltr'><strong>eadem</strong></span> <span class='ocrx_word' id='word_1_130' title='bbox 311 4028 474 4102; x_wconf 88' lang='lat' dir='ltr'><strong>editione</strong></span> <span class='ocrx_word' id='word_1_131' title='bbox 488 4026 719 4107; x_wconf 84' lang='lat' dir='ltr'><strong>Glossarium</strong></span> <span class='ocrx_word' id='word_1_132' title='bbox 731 4027 943 4117; x_wconf 73' lang='lat' dir='ltr'><strong>Limonum,</strong></span> <span class='ocrx_word' id='word_1_133' title='bbox 959 4052 983 4101; x_wconf 87' lang='lat' dir='ltr'><strong>a</strong></span> <span class='ocrx_word' id='word_1_134' title='bbox 999 4029 1111 4105; x_wconf 83' lang='lat' dir='ltr'><strong>docto</strong></span> <span class='ocrx_word' id='word_1_135' title='bbox 1126 4030 1208 4105; x_wconf 85' lang='lat' dir='ltr'><strong>viro</strong></span> 
     </span>
    </p>
   </div>
   <div class='ocr_carea' id='block_1_9' title="bbox 160 4271 1206 4417">
    <p class='ocr_par' dir='ltr' id='par_1_16' title="bbox 160 4271 1206 4417">
     <span class='ocr_line' id='line_1_23' title="bbox 207 4271 1206 4337; baseline 0.004 -16"><span class='ocrx_word' id='word_1_136' title='bbox 207 4275 223 4305; x_wconf 65' lang='grc' dir='ltr'><strong>θ</strong></span> <span class='ocrx_word' id='word_1_137' title='bbox 234 4273 317 4322; x_wconf 76' lang='lat' dir='ltr'><strong>Varias</strong></span> <span class='ocrx_word' id='word_1_138' title='bbox 328 4273 462 4324; x_wconf 79' lang='lat' dir='ltr'><strong>Lectiones</strong></span> <span class='ocrx_word' id='word_1_139' title='bbox 471 4272 586 4335; x_wconf 75' lang='lat' dir='ltr'><strong>Doeriug</strong></span> <span class='ocrx_word' id='word_1_140' title='bbox 602 4273 710 4337; x_wconf 67' lang='lat' dir='ltr'><strong>signate</strong></span> <span class='ocrx_word' id='word_1_141' title='bbox 728 4287 810 4334; x_wconf 84' lang='lat' dir='ltr'><strong>usque</strong></span> <span class='ocrx_word' id='word_1_142' title='bbox 826 4271 858 4321; x_wconf 88' lang='lat' dir='ltr'><strong>ad</strong></span> <span class='ocrx_word' id='word_1_143' title='bbox 869 4271 976 4323; x_wconf 69' lang='lat' dir='ltr'><strong>labrum</strong></span> <span class='ocrx_word' id='word_1_144' title='bbox 986 4275 1077 4324; x_wconf 76' lang='lat' dir='ltr'><strong>25uur.</strong></span> <span class='ocrx_word' id='word_1_145' title='bbox 1088 4276 1121 4325; x_wconf 78' lang='lat' dir='ltr'><strong>ad</strong></span> <span class='ocrx_word' id='word_1_146' title='bbox 1131 4277 1206 4325; x_wconf 82' lang='lat' dir='ltr'><strong>Stro-</strong></span> 
     </span>
     <span class='ocr_line' id='line_1_24' title="bbox 160 4352 395 4417; baseline -0.013 -14"><span class='ocrx_word' id='word_1_147' title='bbox 160 4352 243 4403; x_wconf 78' lang='lat' dir='ltr'><strong>auium</strong></span> <span class='ocrx_word' id='word_1_148' title='bbox 260 4353 395 4417; x_wconf 80' lang='lat' dir='ltr'><strong>pertinent.</strong></span> 
     </span>
    </p>
   </div>
   <div class='ocr_carea' id='block_1_10' title="bbox 204 4462 692 4507">
    <p class='ocr_par' dir='ltr' id='par_1_17' title="bbox 204 4462 692 4507">
     <span class='ocr_line' id='line_1_25' title="bbox 204 4462 692 4507; baseline -0.006 -1"><span class='ocrx_word' id='word_1_149' title='bbox 204 4462 281 4507; x_wconf 80' lang='lat' dir='ltr'><strong>VOL·</strong></span> <span class='ocrx_word' id='word_1_150' title='bbox 305 4464 328 4506; x_wconf 87' lang='grc'><strong>1.</strong></span> <span class='ocrx_word' id='word_1_151' title='bbox 673 4462 692 4503; x_wconf 72' lang='lat' dir='ltr'><strong>a</strong></span> 
     </span>
    </p>
   </div>
   <div class='ocr_carea' id='block_1_11' title="bbox 0 0 1592 5200">
    <p class='ocr_par' dir='ltr' id='par_1_18' title="bbox 0 0 1592 5200">
     <span class='ocr_line' id='line_1_26' title="bbox 0 0 1592 5200; baseline 0 5"><span class='ocrx_word' id='word_1_152' title='bbox 0 0 1592 5200; x_wconf 95' lang='lat' dir='ltr'><strong> </strong></span> 
     </span>
    </p>
   </div>
  </div>
 </body>
</html>
