3175 5200
391 319 460 400 'sor
506 289 508 294 ’
800 305 891 390 'nn
910 303 1027 388 m'vu'
1074 305 1080 315 '

320 523 368 576 ω
403 487 453 540 tur
467 477 596 540 officiis:
619 485 719 554 neque
743 471 802 535 illis
825 472 977 533 sociorum
991 471 1130 550 comitas,
1156 474 1327 554 vultmque
1335 472 1486 554 benig-

261 558 268 575 '
299 554 377 640 1³19:
405 561 448 642 ui,
466 575 498 624 et
513 560 658 641 adloquia
672 557 839 642 nonmodo
854 577 1024 618 sermonem
1044 558 1164 635 elicere,
1179 560 1235 620 sed
1252 581 1303 638 ne,
1329 572 1378 622 ut
1398 578 1493 620 ocu-

395 647 451 711 ‹los
469 647 591 729 quidem
612 643 803 720 adtollerent,
819 653 873 704 aut
887 644 1079 705 consolantes
1090 645 1336 706 ·amicos·contra
1352 646 1490 705 intue-

397 743 523 808 rentur,
535 733 654 792 efficere
677 738 837 810 poterant
873 727 962 790 Adeo
984 749 1073 810 super
1087 750 1251 791 moerorem
1266 731 1385 813 pudor
1405 729 1491 810 qni·

407 817 596 896 damlugere
611 814 775 896 conloquia
796 824 829 875 et
845 823 943 875 coetus
960 815 1119 876 bominum
1134 816 1278 895 cogebat.
1326 815 1489 878 Postero

407 905 458 967 die
485 923 578 984 quum
598 899 724 982 juvenes
738 899 866 977 nobiles,
897 899 980 960 missi
999 921 1019 960 a
1033 899 1152 983 Capua,
1171 912 1207 961 ut
1221 901 1488 983 proficiscentes

407 991 449 1054 ad
463 989 555 1050 finem
571 985 763 1067 Campanum
778 996 1043 1066 prosequerentur,
1057 986 1269 1063 revertissent3
1284 989 1484 1066 vocatique

405 1076 441 1138 in
457 1074 570 1136 curiam
584 1071 849 1155 percunctantibus
864 1069 1031 1150 majoribus
1045 1083 1132 1147 natu,
1153 1071 1272 1133 ‘multo
1281 1073 1346 1134 sibi
1362 1093 1482 1134 moes-

407 1162 419 1194 ‘
434 1161 527 1222 tiores
539 1169 571 1220 et
587 1156 761 1237 abjectioris
773 1157 867 1218 animi
887 1155 988 1234 visos,'
1001 1156 1166 1233 referrent3
1185 1158 1284 1219 ‘adeo
1294 1158 1420 1236 silens,
1438 1180 1482 1218 ac

408 1247 529 1328 ‘prope
552 1243 674 1306 mutum
689 1262 801 1322 agmen
816 1242 995 1304 incessisse:
1020 1253 1122 1304 tacere
1134 1242 1269 1304 indolem
1285 1243 1382 1305 iliam
1399 1244 1480 1306 Ro-

407 1332 419 1365 ‘
435 1351 568 1407 manem,
584 1328 760 1408 ablatosque
772 1346 843 1390 cum
853 1329 943 1388 armis
956 1328 1084 1389 animos.
1095 1348 1158 1388 non
1170 1328 1299 1390 reddere
1308 1330 1477 1406 salutem,

408 1419 495 1478 ‘non
510 1414 713 1478 salutantibus
727 1412 800 1475 dare
826 1432 1014 1494 responsum,
1041 1433 1103 1474 non
1123 1413 1240 1477 hiscere
1263 1434 1475 1496 quemquam

408 1504 496 1599 ‘pre
518 1511 602 1562 metu
616 1496 767 1581 potuisse,
787 1510 943 1579 tamquam
964 1498 1129 1560 ferentibus
1155 1499 1255 1561 adbuc
1282 1502 1475 1562 cervicibus

406 1589 418 1622 ⁴
429 1607 551 1670 jugum,
564 1587 651 1646 ¹⁷sub
667 1606 728 1666 quo
738 1585 840 1646 emissi
850 1594 961 1646 essent.
976 1582 1099 1645 Habere
1110 1580 1265 1646 Samnites
1274 1586 1474 1660 victoriam,

407 1673 495 1734 ‘uon
518 1671 692 1753 praeclaram
707 1670 818 1746 solum,
832 1670 886 1730 scd
901 1670 996 1730 etism
1011 1668 1206 1751 perpetuam.
1226 1671 1344 1752 cepisse
1367 1672 1472 1732 enim

407 1758 485 1820 ‘eos
499 1777 561 1819 non
572 1756 714 1832 Romam,
729 1755 809 1816 sicut
820 1765 890 1815 ante
902 1752 1019 1830 Gallos,
1033 1755 1099 1831 sed,
1115 1754 1199 1835 quod
1213 1756 1307 1817 multo
1317 1757 1471 1818 bellico-

407 1843 420 1877 ‘
435 1843 497 1905 sius
512 1842 614 1918 fuerit,
630 1840 800 1902 Romanam
811 1839 955 1900 virtutem
969 1838 1195 1920 ferociamque!

453 1925 524 1989 Vll.
547 1927 649 1996 Quum
671 1927 736 1986 haec
757 1925 930 1986 dicerentur
950 1924 1197 2005 audirenturque,
1212 1937 1244 1988 et
1255 1925 1467 2006 deploratum

408 2035 487 2096 pene
503 2012 677 2091 Romanum
691 2031 803 2072 nomen
818 2012 850 2072 in
865 2009 997 2071 concilio
1016 2011 1169 2072 sociorum
1194 2011 1330 2072 fidelium
1345 2025 1464 2088 esset3

240 2139 306 2192 mm
315 2143 345 2194 ὼ
410 2099 522 2162 dicitur
545 2096 654 2158 Ofilius
678 2093 830 2173 Calavius,
844 2095 913 2156 Ovii
928 2095 1018 2172 filim,
1044 2095 1143 2157 claros
1163 2115 1275 2176 genere
1288 2097 1462 2178 tactisqoe,

238 2205 398 2260 nomm
409 2195 476 2260 tum
491 2184 585 2246 etiam
600 2193 688 2245 aetate
698 2181 859 2258 verendus,
874 2181 965 2262 longe
977 2182 1065 2243 aliter
1078 2203 1111 2242 se
1121 2183 1232 2242 habere
1242 2203 1309 2243 rem
1319 2183 1458 2244 dixisse:

240 2270 382 2348 ulutatu·
410 2269 601 2350 ‘Silentium
618 2266 692 2330 illud
711 2266 911 2344 obstinatum,
928 2267 1112 2348 fixosque-in
1136 2279 1249 2329 terram
1273 2268 1397 2346 oculos,
1425 2279 1459 2329 et

241 2337 336 2388 mm·
410 2357 422 2392 ‘
437 2345 541 2418 surdas
565 2355 604 2416 ad
619 2353 722 2436 omnia
736 2353 847 2414 solatia
861 2373 957 2431 aures,
972 2364 1004 2413 et
1022 2353 1169 2435 pudorem
1188 2353 1345 2416 intruendas
1365 2354 1459 2431 lucis,

407 2443 419 2476 ‘
436 2445 461 2480 ¹⁸
472 2443 627 2522 ingentem
647 2439 760 2501 molem
775 2439 888 2500 irarum
906 2459 945 2500 ex
971 2438 1034 2500 alto
1048 2439 1177 2500 animo*
1202 2439 1314 2502 cientis
1336 2439 1458 2500 indicia

408 2528 516 2587 ‘esser
541 2536 594 2587 aut
610 2524 750 2586 Romana
767 2525 819 2586 se‘l
833 2525 973 2606 ignorare
988 2525 1121 2607 ingenis,
1136 2536 1189 2586 aut
1203 2525 1361 2587 silentium
1377 2525 1455 2586 illud

391 2597 395 2610 ⁴
408 2612 420 2647 ‘
434 2608 622 2673 Samnitibus
634 2611 748 2671 flebiles
760 2612 842 2672 brevi
855 2611 1004 2672 clamores
1015 2612 1206 2691 gemitusque
1225 2612 1452 2688 excitaturum

408 2694 637 2777 ‘Caudineeque
661 2697 745 2776 pacis
774 2696 929 2774 aliquanto
959 2693 1156 2774 Samnitibus,
1180 2717 1271 2777 quam
1292 2696 1455 2774 Romanis,

409 2780 600 2843 ‘tristiorem
616 2780 795 2841 memoriam
818 2780 892 2841 fore.
922 2780 1043 2863 Quippe
1067 2804 1137 2844 suos
1152 2803 1304 2863 quemque
1317 2792 1455 2844 comm·

409 2866 422 2900 ‘
437 2866 553 2927 animos
559 2866 744 2942 habiturum,
755 2865 937 2947 ubicumque
949 2869 1138 2948 congressuri
1147 2869 1222 2929 sint:
1232 2869 1330 2930 saltus
1335 2868 1453 2930 Caudi·

410 2952 492 3037 ‘nos
506 2972 568 3013 non
583 2951 693 3032 ubique
709 2947 895 3013 Samnitibus
903 2951 990 3014 fore?
1005 2953 1077 3016 Jam
1088 2953 1193 3015 Βοιιιω
1206 2955 1395 3015 etiamsua¹¹
1406 2955 1454 3015 iu-

412 3037 500 3101 famis
527 3036 629 3098 clades
659 3047 733 3098 erat.
754 3036 903 3098 Obsessos
927 3038 1056 3120 primum
1091 3039 1268 3101 audierunt:
1307 3040 1455 3101 ¹’tristior

240 3141 330 3195 mim
339 3138 388 3200 lio·
412 3124 522 3186 deinde
538 3122 746 3203 ignominiosae
761 3123 845 3205 pacis
857 3124 965 3205 magis,
980 3144 1071 3203 quam
1087 3126 1222 3207 periculi,
1237 3126 1368 3186 nuncius
1385 3126 1455 3187 fait.

241 3222 295 3274 ν·
411 3210 461 3273 Ad
476 3209 589 3271 famam
604 3208 770 3269 obsidionis
797 3209 931 3271 delectus
946 3209 1051 3271 haberi
1066 3222 1184 3291 coeptus
1199 3222 1279 3272 erat:
1307 3211 1456 3273 dimissas

410 3294 520 3357 deinde
535 3294 714 3355 cimiliorum
729 3289 903 3376 adparatus,
913 3307 1075 3376 postquam
1088 3296 1273 3356 deditionem
1289 3307 1354 3357 tarn
1371 3296 1456 3359 foede

409 3380 523 3441 factam
548 3390 751 3460 acceperunt:
775 3380 989 3462 extemploque
1002 3381 1067 3440 sine
1090 3381 1153 3440 ulla
1176 3381 1298 3461 publica
1317 3384 1456 3444 auctori·

408 3474 473 3527 tate
497 3484 678 3525 consensum
709 3464 739 3525 in
765 3484 888 3527 omnem
915 3464 1044 3527 formam
1065 3466 1166 3528 luctus
1200 3478 1258 3529 est.
1297 3465 1454 3530 Taberna

438 3598 701 3655 *omittentem
781 3603 1026 3673 *lustusamans
1124 3604 1421 3657 exustarum.

728 3708 731 3713 ,
773 3668 1093 3719 ¹⁴Jrrrnetllrnuaesuollsed.

442 3776 463 3814 ti
474 3774 586 3839 Subqrsod
595 3774 674 3837 emissi]
693 3773 748 3823 Non
760 3776 913 3824 videmuscur
942 3777 1018 3824 molem
1036 3778 1130 3825 tmsr.
1161 3776 1247 3839 Scripsi
1266 3788 1345 3825 tamea
1362 3776 1456 3826 babeat

408 3840 540 3889 Gronovius
558 3851 636 3888 contra
656 3840 790 3902 scriptorum
807 3842 912 3892 omniurn
942 3857 969 3889 es
988 3843 1034 3889 siu
1053 3843 1143 3888 misso:
1168 3843 1209 3889 sed
1226 3842 1301 3889 minus
1320 3844 1456 3892 commode.

407 3901 476 3955 fidem
488 3906 577 3955 dederit
588 3906 626 3952 ub
637 3920 686 3967 quo.
708 3905 839 3968 Utrumque
850 3907 912 3953 enim
943 3905 1030 3954 Prima
1047 3905 1158 3953 editiones
1171 3907 1255 3955 dedere
1264 3908 1351 3953 semis
1367 3906 1396 3953 ‘sis
1407 3908 1456 3956 ob-

408 3970 490 4019 Latiue
502 3972 595 4019 dicitur.
943 3971 1069 4033 sequimur.

442 4036 464 4069 ¹⁸
490 4032 603 4100 legentur
620 4034 695 4081 molem
716 4036 802 4082 immin
822 4050 848 4081 ss
868 4034 914 4081 sito
979 4036 1000 4073 ¹9
1021 4034 1284 4099 Tristior....msgis]
1312 4034 1454 4085 Sufficiens

409 4101 479 4147 caini
498 4101 574 4147 clentis
592 4099 676 4146 {ardicio
696 4098 748 4162 esse]
775 4098 846 4146 Nulla
866 4097 914 4154 hic.
944 4100 1035 4147 tristior.
1073 4099 1118 4146 Sed
1144 4102 1225 4149 eodem
1249 4099 1318 4147 modo
1344 4100 1455 4150 tussim

408 4172 436 4210 ut
448 4174 510 4212 recte
520 4165 622 4211 amarat
633 4161 770 4217 Gronovius.
779 4163 914 4221 mmeritis,
944 4162 961 4210 l.
973 4177 1014 4211 nr.
1024 4177 1046 4209 c.
1056 4165 1082 4212 2.
1095 4162 1145 4210 Non
1155 4166 1278 4213 brumum
1286 4180 1364 4211 mss
1373 4170 1457 4230 agis,

408 4226 452 4273 sm
471 4244 484 4274 s
503 4230 577 4289 positu
595 4227 724 4275 verborum.
764 4226 852 4275 lmine
873 4242 915 4274 erse
944 4242 1009 4289 mssa
1030 4229 1122 4288 amplo
1141 4230 1230 4279 derbe.
1271 4228 1312 4277 sic
1332 4240 1359 4277 et
1380 4234 1457 4290 pstiss

408 4291 564 4339 calmicianus
579 4308 606 4340 so
623 4292 687 4339 uelut
706 4291 809 4355 spirantis
826 4308 852 4340 ss
869 4292 914 4338 alto
944 4290 1048 4355 jungitur
1057 4306 1111 4338 cum
1122 4293 1164 4341 slis
1174 4310 1229 4343 soce
1239 4293 1391 4355 comparativi
1400 4310 1457 4355 grs-

408 4360 435 4397 et
457 4354 519 4412 qussi
537 4356 649 4415 profundo
669 4356 704 4403 sui
726 4356 784 4420 (alre
806 4356 869 4405 enim
890 4355 913 4403 in
945 4356 996 4410 dm,
1007 4370 1075 4416 suprs
1091 4356 1115 4403 in
1131 4359 1261 4421 materiam
1279 4358 1349 4417 Livii,
1366 4358 1420 4410 l.t.
1432 4370 1456 4410 et

408 4426 488 4480 pctus
514 4417 597 4481 injuria
619 4420 781 4487 descenderet)
806 4422 914 4487 ingemas
945 4420 1003 4484 apud
1015 4420 1357 4485 &captennacum
