3175 5200
155 277 165 316 l

448 340 549 432 'vrrl
569 347 622 432 'ur
642 343 838 433 maruan
851 375 950 433 non.
1139 365 1225 437 'xxv

177 491 647 626 :tabulae'triumphantium
665 525 705 600 in
729 526 911 624 Capitolio
926 523 1080 615 'fixae;³⁴
1104 529 1222 626 leges,

181 627 386 726 plebiscita,
399 627 733 714 senatusconsulta,
753 625 921 700 formula
936 632 1037 725 pacis
1050 637 1089 700 et
1104 630 1223 703 foede-

116 777 122 794 .
180 751 276 818 rum,
287 727 389 800 aereis
401 726 537 798 tabulis
547 725 744 824 insculpta,
757 749 915 820 quarum
925 727 995 800 tria
1008 728 1222 802 milliacum

173 827 366 924 ¹Capitolio
380 824 628 920 conflagrasse
647 834 818 922 ternpore
835 823 1049 923 Vespasiani
1060 837 1098 899 et
1114 828 1221 900 abeo

179 929 352 1005 restituta
368 951 463 1016 esse,
490 923 657 1021 undique
683 923 920 1020 investigatis
940 927 1220 1023 exemplaribus,

179 1031 331 1104 Sueton.
358 1027 512 1122 Vespas.
530 1025 565 1096 8.
585 1025 717 1124 docet;
742 1021 862 1096 literae
876 1046 899 1094 a
915 1024 1077 1120 regibus,
1103 1025 1222 1115 sociis,

179 1127 459 1224 magistratibus
469 1121 743 1221 provinciarum
761 1128 801 1193 et
818 1122 974 1195 ducibus
992 1121 1224 1197 exercituum

178 1229 225 1304 ad
236 1233 454 1304 senatumet
464 1225 511 1296 ab
521 1222 593 1294 hoc
603 1221 651 1294 ad
660 1221 744 1298 illos
752 1220 875 1293 missae
886 1221 1116 1316 servataeque
1126 1221 1225 1319 apud

180 1327 397 1416 aerarium,³⁵
415 1323 552 1420 quibus
570 1329 609 1394 et
620 1321 752 1393 modus
770 1330 809 1393 et
826 1343 943 1392 causae
957 1344 1081 1393 rerum
1098 1331 1221 1415 gesta-

137 1460 142 1484 r
179 1451 266 1500 rum
284 1451 328 1498 ac
345 1445 523 1499 numerus
549 1417 754 1515 legionum,
776 1417 928 1508 navium
958 1425 997 1491 et
1021 1417 1222 1515 imperato·

173 1523 268 1599 ¹rum
286 1522 591 1601 continebantnr3
619 1517 908 1614 magistratuum
925 1517 1047 1591 edicta
1061 1526 1098 1590 et
1115 1541 1219 1590 com-

179 1623 373 1706 nrentarii;
411 1615 671 1716 inscriptiones
708 1625 927 1710 statuarum,
962 1616 1219 1715 sepulcrorum

180 1732 250 1798 cet.
298 1717 445 1795 Horum
462 1739 551 1791 vero
566 1715 800 1814 aliorumque
816 1715 1135 1790 monimentorum
1151 1741 1218 1790 ne·

177 1847 252 1919 que
279 1817 607 1918 inspiciendorum,
636 1814 864 1902 facultatem,
889 1839 1024 1912 neque.
1038 1815 1219 1912 indagan-

177 1925 312 1996 dorum
331 1914 723 2011 consulendorumquc
740 1915 903 1990 studium
921 1939 964 1987 ac
986 1914 1218 2012 diligentiam

166 2021 338 2095 ¹defuisse
355 2015 473 2106 Livio,
491 2014 552 2088 vel
567 2013 605 2086 id
622 2023 847 2112 argumento
864 2022 934 2104 est,
960 2014 1062 2110 quod
1079 2015 1220 2111 passim

176 2123 286 2194 abeo
312 2123 579 2204 memorantur,
597 2138 631 2186 v.
652 2138 686 2187 c.
704 2113 847 2187 foedera
871 2124 910 2186 et
932 2114 1033 2208 pacis
1058 2113 1219 2186 conditiss

178 2243 271 2292 ones
296 2220 358 2308 21,
375 2218 412 2288 2.
430 2217 492 2302 23,
509 2215 571 2286 33.
594 2213 655 2300 26,
672 2213 735 2284 24.
755 2215 817 2300 29,
836 2213 893 2283 11.
915 2213 972 2283 12.
998 2215 1061 2300 30,
1077 2212 1139 2286 37.
1156 2213 1218 2286 43.

177 2321 241 2408 33,
259 2319 320 2391 30.
343 2317 406 2402 34,
423 2315 484 2384 35.
507 2313 568 2399 38,
586 2311 621 2398 0.
639 2313 698 2384 38.
727 2309 813 2383 fasti
839 2316 878 2382 et
900 2303 1055 2382 airnalcs
1081 2307 1218 2404 magis-

177 2425 355 2503 tratuum,
382 2410 465 2485 libri
483 2408 596 2495 lintei,
623 2409 660 2481 in
679 2409 757 2481 aede
774 2407 924 2505 repositi
945 2409 1111 2480 Monetae
1128 2412 1164 2494 4,
1184 2419 1218 2497 7.

181 2519 239 2590 13.
256 2518 314 2588 20.
334 2511 394 2586 23.
413 2513 453 2597 9,’
472 2510 526 2583 18.
550 2511 605 2595 10,
622 2509 683 2581 38.
701 2510 762 2596 39,
779 2511 840 2580 52.
864 2505 1124 2604 inscriptiones
1143 2515 1218 2579 sta-

178 2625 338 2703 tuarum,
372 2610 596 2693 tabularum,
632 2607 837 2704 spoliorum
871 2615 910 2680 et
942 2630 1134 2680 armorum
1177 2606 1219 2680 in

176 2714 326 2811 templis
350 2709 509 2783 furorum
539 2709 575 2796 2,
592 2708 654 2781 33.
671 2710 708 2796 4,
726 2709 786 2780 20.
806 2706 843 2797 6,
861 2707 919 2779 22.
941 2707 1000 2794 10,
1020 2707 1055 2779 2.
1073 2708 1136 2795 40,
1153 2708 1216 2779 52.

175 2816 237 2903 41,
255 2814 313 2885 28.
344 2806 576 2883 laudationes
602 2804 778 2879 funebres
805 2806 1087 2903 imaginumque
1116 2803 1218 2877 tituli

174 2916 212 3005 4,
238 2913 296 2985 16.
321 2910 357 2996 8,
387 2910 450 2981 40.
477 2905 580 3001 leges
605 2904 801 3001 plebiscita
826 2913 865 2977 et
891 2904 1220 2978 senatusconsulta

174 3011 303 3085 multis
319 3006 413 3081 locis
439 3005 480 3079 in
503 3003 631 3077 Indice
660 3004 806 3092 citatis;
846 3002 961 3077 literae
987 3026 1135 3099 regum,
1161 3026 1220 3075 so-

175 3110 330 3197 ciorum,
352 3107 620 3202 imperatorum
647 3102 1011 3198 magistratuumque
1034 3098 1220 3200 provinci-

177 3208 291 3281 alium
324 3214 395 3279 cet.
456 3204 516 3275 Ex
543 3201 602 3273 his
634 3201 793 3299 publicis
823 3202 1067 3275 monimentis
1096 3199 1221 3272 multa

178 3308 291 3380 etiam
319 3304 364 3376 iis
391 3300 502 3397 petiit
528 3296 635 3385 locis,
662 3299 727 3369 nbi
755 3298 794 3369 id
822 3321 901 3369 non
931 3297 1068 3368 diserte
1095 3296 1219 3385 tradit,

175 3428 282 3479 more
296 3410 467 3475 veterum
481 3395 717 3491 scriptorum,
732 3393 798 3489 qui
810 3416 892 3467 raro
904 3392 1071 3467 indicant
1083 3393 1217 3482 fontes,

175 3503 277 3576 nude
295 3524 361 3573 sua
388 3498 554 3571 hausere.
604 3492 649 3565 Id
667 3502 749 3566 tum
775 3516 822 3564 cx
839 3516 972 3567 eorum
996 3492 1220 3591 intelligitur

172 3600 349 3696 reliquiis,
367 3620 453 3693 quae
472 3596 704 3668 etiamnunc
730 3591 884 3682 anobis
901 3594 1109 3691 comparari
1132 3616 1220 3691 pos-

164 3710 275 3789 sunt,
309 3723 345 3770 v.
382 3721 416 3769 o.
453 3720 500 3768 ex
535 3689 864 3765 senatusconsulto
898 3692 944 3765 de
978 3690 1219 3766 Bacchanali-

172 3800 257 3888 buS,
292 3821 337 3870 ex
379 3816 454 3892 quo
489 3793 695 3889 complura,
722 3814 1022 3886 ⁴nonnumquam
1055 3790 1103 3864 ad
1137 3814 1220 3863 ver·

159 3900 277 3987 'bum,
296 3891 546 3991 exscripsit;³⁰
583 3902 665 3965 tum
683 3914 729 3965 ex
755 3888 890 3989 amplis
913 3889 1130 3987 praeliorum
1158 3888 1223 3963 dc·

174 3994 450 4093 scriptionibus,
474 4014 633 4087 quarum
656 4013 793 4087 magna
817 4013 904 4089 pars
931 3996 972 4061 et
1000 3986 1118 4062 literis
1147 3985 1215 4059 im-

157 4106 390 4197 peratorum
402 4090 450 4166 ad
467 4089 505 4165 S.
521 4092 561 4163 P.
576 4090 623 4183 Q.
634 4090 680 4162 a.
698 4088 822 4164 missis
837 4089 1036 4188 depromta
1049 4084 1212 4160 videtur:

216 4287 239 4321 ³⁴
262 4284 299 4332 Cf.
317 4282 400 4331 Atilios
421 4282 539 4331 Fortunat.
558 4282 583 4330 io
599 4292 647 4332 arte
664 4300 688 4347 p.
753 4278 775 4314 ³⁶
791 4294 818 4331 v.
829 4279 857 4328 ad
867 4278 917 4328 liv.
925 4281 967 4337 39,
976 4279 1015 4337 13,
1023 4278 1047 4325 5.
1058 4276 1132 4334 erlo,
1147 4278 1224 4325 523.

172 4352 242 4403 2680.
254 4350 290 4398 cd.
303 4348 394 4401 Pnraclr.
721 4344 787 4395 Hinc
797 4344 1016 4399 ammomum
1027 4340 1082 4391 illuri
1093 4340 1122 4387 ad
1131 4340 1218 4390 calcem

213 4418 234 4453 ³⁵
250 4412 450 4473 aviocrssiib.
463 4417 618 4495 unfflaa.
719 4409 925 4479 uulneratus
935 4409 1091 4467 excudendum
1102 4406 1188 4460 canti.
