3175 5200
362 410 422 464 920
789 400 875 463 rm
893 400 996 463 mvn

191 580 224 629 U.
235 580 263 629 c.
275 580 332 631 3⁰7.
362 579 411 632 tus
434 568 582 649 Patribus,
607 566 688 649 quod
712 588 744 627 se
769 567 867 627 abiis
891 568 923 629 in
948 568 1128 652 cooptandis
1150 570 1280 634 tribunis
1303 570 1412 633 fraude

192 646 263 695 Μ·
276 646 332 694 ⁴⁴¹⁵·
363 669 498 741 captum,
523 656 675 740 proditum
701 674 720 712 a
744 653 880 734 collegis,
905 655 1017 733 aiebat,
1041 658 1230 737 rogationem
1247 658 1328 735 tulit,
1350 659 1413 721 ‘ut

362 744 439 827 ‘qui
461 739 776 827 plebem-Romanam
800 740 938 803 tribunos
960 742 1042 822 plebi
1067 757 1199 824 rogaret,
1224 746 1249 805 is
1263 764 1357 825 usque
1372 766 1411 806 eo

359 832 372 863 ‘
389 840 521 911 rogaret,
535 828 606 887 dum
619 824 726 887 decem
741 826 879 887 tribunos
891 826 991 910 plebib
1007 827 1148 907 iaceret3’
1165 830 1412 912 insectandisque

362 916 510 993 Patribus,
533 912 614 973 unde
637 911 754 995 As'pero
771 913 865 975 etiam
880 914 1011 975 inditum
1036 926 1083 977 est
1107 937 1289 997 cognomen,
1313 919 1410 979 tribu-

193 1021 226 1067 υ,
239 1022 335 1072 asoa.
362 1014 469 1062 natum
490 1000 593 1082 gessit.
653 998 728 1061 Inde
750 996 797 1061 M.
819 997 972 1082 Geganius
997 999 1173 1063 Macerinus
1196 1015 1228 1065 et
1249 1002 1285 1064 C.
1299 1001 1409 1082 Julius,

193 1086 328 1163 A.c.ttt,
363 1088 500 1150 consules
517 1086 602 1163 iacti,
628 1086 653 1124 ⁸⁰
675 1086 844 1147 coitionesc
869 1087 1069 1166 tribunorum,
1095 1090 1237 1151 adversus
1261 1091 1408 1153 nobilium

192 1150 349 1265 'g'ffim’
358 1174 549 1259 juventutem
573 1182 666 1249 ortas,
689 1173 754 1235 sine
776 1174 977 1236 insectatione
999 1176 1162 1255 potestatis
1185 1175 1259 1258 ejus,
1286 1199 1408 1240 conser-

194 1278 259 1331 (a...
362 1272 433 1323 vata
455 1259 615 1342 majestate
638 1258 773 1339 Patrum,
795 1260 946 1322 sedavere.
970 1261 1102 1343 plebem,
1130 1262 1251 1323 decreto
1281 1264 1321 1323 ad
1341 1264 1408 1325 bel-

363 1349 425 1410 lum
441 1345 620 1410 Volscorum
637 1358 669 1409 et
689 1344 861 1427 AEquorum
881 1347 1013 1426 delectu,
1036 1349 1060 1386 ⁸¹
1073 1349 1250 1411 sustinendo
1272 1370 1347 1426 rem,
1369 1352 1408 1411 ab

363 1434 561 1497 seditionibus
585 1434 781 1495 continuere:
814 1434 928 1495 urbano
959 1455 1079 1515 quoque
1108 1436 1174 1497 otio
1204 1436 1277 1497 ioris
1306 1437 1410 1498 omnia

363 1521 525 1604 tranquilla
551 1542 615 1583 esse
644 1520 849 1598 adfirmantes,
871 1542 925 1603 per
949 1522 1115 1583 discordias
1140 1522 1242 1584 civiles
1267 1535 1410 1585 externos

364 1609 470 1671 tollere
496 1608 624 1670 animos.
684 1606 763 1669 Cura
793 1608 877 1691 pacis
912 1609 1082 1683 concordia
1110 1630 1229 1691 quoque
1258 1611 1410 1672 intestinas

364 1716 471 1757 caussa
487 1695 553 1758 fuit.
597 1690 659 1755 Sed
684 1695 761 1756 alter
782 1715 901 1776 semper
928 1696 1004 1756 ordo
1028 1696 1125 1776 gravis
1141 1696 1263 1758 alterius
1286 1698 1409 1758 modes-

195 1786 316 1866 iuniorum
364 1784 414 1844 tiae
435 1793 509 1844 erat.
526 1781 691 1864 quiescenti
717 1782 795 1863 plebi
818 1782 856 1842 ab
876 1780 1047 1863 junioribus
1071 1781 1192 1843 Parrum
1212 1782 1327 1863 injurias
1342 1783 1408 1843 fieri

196 1853 326 1966 fpffi'l'
364 1880 481 1952 coeptae.
508 1869 560 1930 ubi
589 1868 703 1930 tribuni
729 1868 841 1928 auxilio
869 1869 1075 1930 humilioribus
1104 1870 1221 1946 essent,
1238 1869 1269 1929 in
1298 1869 1407 1950 primis

191 1933 318 2047 iijiriam
362 1978 474 2039 parurn
490 1956 652 2037 proderat:
684 1954 795 2016 deinde
811 1976 849 2016 ne
864 1955 921 2037 ipsi
938 1956 1057 2036 quidem
1072 1956 1206 2016 inviolati
1227 1965 1322 2031 erant,
1343 1956 1406 2015 uti-

363 2065 423 2125 que
439 2042 599 2125 postremis
614 2042 777 2120 mensibus,
786 2042 789 2050 ’
799 2062 891 2123 quum
905 2052 936 2103 et
951 2063 1004 2124 per
1019 2042 1176 2119 coitiones,
1199 2042 1408 2123 potentiorum

365 2129 473 2211 injuria
502 2128 597 2206 fieret,
628 2140 659 2191 et
683 2130 727 2210 vis
756 2129 916 2211 potestatis
941 2129 1039 2189 omnis
1066 2129 1219 2209 aliquanto
1243 2128 1411 2210 posteriore

364 2218 436 2278 anni
460 2228 545 2299 parte
569 2214 742 2297 languidior
766 2214 859 2297 ferme
882 2226 979 2276 esset:
999 2213 1124 2297 jamque
1149 2213 1234 2296 plebs
1249 2212 1294 2274 ita
1307 2214 1339 2274 in
1354 2214 1410 2274 tri·

363 2304 479 2365 burratu
495 2324 606 2384 ponere
632 2302 745 2383 aliquid
769 2302 843 2384 spei,
866 2302 890 2361 si
914 2300 1026 2362 similes
1049 2300 1136 2361 lcilio
1159 2300 1295 2361 tribunos
1315 2299 1411 2361 habe-

364 2402 430 2451 ret:
454 2388 604 2450 nominatl
626 2398 744 2449 tanturn
771 2410 803 2449 se
826 2387 949 2450 biennio
973 2388 1124 2448 habuisse.
1169 2384 1308 2447 Seniores
1335 2407 1410 2447 con·

363 2488 411 2535 tra
426 2474 559 2553 Petrum,
584 2484 618 2535 ut
635 2474 725 2535 nimis
747 2472 863 2536 feroces
886 2495 956 2534 suos
977 2474 1099 2535 credere
1109 2472 1236 2555 juvenes
1257 2494 1321 2534 esse
1332 2495 1341 2549 ;
1367 2473 1412 2534 ita

363 2560 466 2635 rnalle,
493 2562 518 2621 si
549 2560 657 2622 modus
679 2560 870 2622 excedendus
893 2573 983 2638 esset,
1006 2561 1078 2639 suis,
1102 2580 1193 2642 quam
1223 2559 1412 2640 adversariis,

364 2667 518 2729 superesse
542 2649 668 2708 arrimos
699 2647 775 2708 adeo
805 2647 976 2709 moderatio
1004 2649 1124 2709 tuendae
1153 2648 1314 2724 libertatis,
1336 2647 1409 2709 dum

365 2733 475 2813 aequori
490 2733 565 2794 velle
582 2733 752 2794 simulando
776 2734 821 2796 ita
846 2756 878 2794 se
904 2735 1028 2815 quisque
1052 2734 1185 2811 extollit,
1206 2746 1242 2795 ut
1261 2733 1410 2816 deprimat

366 2819 469 2896 alium,
493 2820 524 2880 in
546 2817 659 2880 difficili
675 2832 741 2882 est:
766 2820 958 2902 cavendoque
971 2842 1009 2881 ne
1025 2831 1164 2882 metuant
1178 2821 1328 2898 homines,
1342 2841 1410 2881 me-

366 2905 495 2968 tuendos
504 2907 585 2968 ultro
601 2927 632 2966 se
647 2907 804 2969 efficiunt:
829 2919 861 2968 et
871 2906 1012 2989 injuriam
1027 2929 1046 2969 a
1060 2907 1147 2969 nobis
1159 2907 1320 2990 repulsam,
1328 2919 1410 2968 tam-

368 3012 458 3074 quam
473 3003 525 3054 aut
539 2992 638 3055 facere
654 3003 707 3054 aut
720 2995 785 3076 pati
801 3015 922 3056 necesse
937 2995 987 3072 sit,
1003 2993 1187 3077 injungimus
1201 2993 1279 3055 aliis.

200 3083 233 3135 U.
243 3084 272 3136 c.
281 3089 337 3170 aba.
410 3077 520 3160 LXVI.
560 3077 599 3143 Τ.
630 3079 790 3150 Quinctius
821 3079 1010 3163 Capitolinus
1041 3091 1181 3163 quartum
1212 3090 1244 3142 et
1272 3079 1413 3163 Agrippa

197 3151 332 3264 :2:ng
347 3171 352 3178 '
368 3164 484 3247 Furius,
500 3167 637 3228 consules
657 3167 728 3228 inde
751 3167 836 3247 lacti,
860 3189 916 3229 nec
941 3168 1122 3231 seditionem
1137 3167 1232 3245 domi,
1255 3187 1313 3228 nec
1336 3167 1441 3228 foris·

197 3231 489 3344 1v',A{¹f⁰i¹u⁰bellum,
517 3265 720 3337 accepenrnt:
753 3255 807 3316 sed
836 3255 1004 3316 inminebat
1031 3266 1202 3336 utrumque.
1244 3252 1317 3315 Jam
1346 3274 1411 3315 non

197 3345 296 3396 stocos.
367 3341 445 3403 ultra
460 3341 611 3404 discordia
634 3341 743 3404 civium
769 3342 892 3424 reprimi
907 3351 1039 3425 poterat,
1063 3352 1095 3402 et
1119 3340 1246 3403 tribunis
1270 3353 1302 3431 et
1321 3340 1411 3424 plebe

368 3427 495 3490 incitata
515 3429 547 3489 in
570 3426 685 3505 Patres,
717 3449 808 3510 quum
840 3428 904 3489 dies
934 3428 1024 3490 alicui
1045 3427 1192 3489 nobilium
1214 3427 1299 3490 dieta
1322 3428 1419 3488 novis·

367 3534 485 3595 semper
507 3515 720 3576 certaminibus
745 3516 907 3596 conciones
929 3517 1073 3576 turbaret.
1095 3517 1122 3552 θ’
1133 3515 1172 3576 ad
1194 3534 1317 3595 quarum
1343 3514 1412 3594 pri·

197 3611 267 3678 AEqui
279 3627 302 3665 er
366 3620 449 3660 mum
465 3600 635 3682 strepitum,
658 3601 744 3664 velut
760 3603 847 3684 signo
868 3613 1009 3684 accepto,
1033 3621 1118 3662 arma
1137 3621 1244 3682 cepere
1263 3597 1355 3681 AEqui
1369 3620 1409 3660 ac

195 3677 276 3794 ,¹³⁰¹ss
285 3681 337 3730 bsl.
365 3683 491 3767 Volsci:
524 3686 612 3748 simul
635 3688 715 3767 quod
737 3700 947 3771 persuaserant
976 3689 1013 3750 iis
1042 3688 1145 3765 duces,
1166 3687 1268 3770 cupidi
1290 3685 1410 3768 preda-

196 3760 324 3866 Jssmff'
366 3795 443 3853 rum,
466 3775 491 3813 ⁸³
504 3773 625 3836 biennio
641 3786 712 3836 ante
728 3775 880 3837 delectum
896 3776 1045 3846 indictum
1065 3774 1168 3836 haberi
1184 3794 1247 3836 non
1262 3773 1409 3856 potuisse,

364 3863 515 3925 abnuente
521 3860 589 3944 jam
603 3861 691 3944 plebe
706 3861 878 3944 imperium.
901 3863 911 3894 ‘
927 3883 964 3924 eo
980 3860 1120 3925 adversus
1135 3882 1168 3923 se
1182 3881 1245 3922 non
1258 3861 1326 3922 esse
1336 3860 1410 3921 mis-

408 3997 496 4061 *paler
507 3999 580 4047 Gron.
592 3997 661 4048 Cres.
706 4033 708 4039 ι
726 3999 854 4046 ‘aarum
865 3997 921 4046 MS.
932 3997 1011 4048 Vcitb.
1077 3995 1185 4047 imae
1196 3997 1270 4045 Groo.
1279 3997 1349 4045 Cres.

392 4097 416 4129 ⁸⁰
434 4096 551 4161 coitiones]
563 4097 623 4146 Haec
632 4101 868 4160 voxopportuhacor-
901 4097 940 4147 io.
966 4114 1049 4162 supra:
1079 4098 1184 4146 misissit
1210 4095 1299 4158 bellun,
1324 4093 1348 4142 id
1368 4105 1415 4152 ast,

361 4161 502 4222 ruptoribus,
513 4163 562 4224 bic,
571 4176 596 4212 ut
608 4178 668 4226 sapa
679 4161 741 4220 alias,
749 4163 869 4227 depravatu
899 4164 979 4212 nexit.

360 4224 444 4280 suant,
463 4226 624 4292 legcbpturque
645 4228 760 4276 mrroiorrea
808 4227 867 4276 Cor.
932 4229 955 4262 ⁸2
970 4229 1007 4277 Aa
1021 4229 1126 4292 puniat]
1147 4227 1236 4276 Melius
1251 4228 1366 4275 videretur
1379 4225 1414 4271 ad

360 4289 422 4336 rexit
432 4289 535 4349 Sigonius
546 4309 574 4340 ex
585 4291 733 4356 conjecturs:
751 4309 819 4354 quam
829 4293 868 4340 fir.
900 4311 1000 4358 purast,
1009 4307 1035 4342 ut
1045 4295 1160 4343 referatur
1166 4293 1231 4341 adri
1242 4295 1395 4340 mima.

361 4365 409 4400 ιιιιιι
437 4353 576 4405 sorbonicus
610 4359 689 4408 codex.
736 4357 869 4409 Victorinus
931 4360 953 4394 ⁸³
972 4359 1065 4409 Biennio
1080 4357 1142 4424 onir]
1163 4358 1213 4407 Hic
1232 4358 1351 4406 biennium
1373 4355 1413 4402 iu-

361 4418 454 4484 profert
465 4423 615 4470 ammiano.
900 4423 972 4485 telligi
987 4438 1081 4473 nereus
1099 4437 1145 4484 cst,
1160 4441 1208 4479 non
1224 4422 1352 4484 integrum,
1370 4422 1414 4469 sed

393 4483 414 4518 ⁸¹
431 4483 560 4531 Statinendo
580 4487 636 4549 ran]
664 4486 797 4545 Trulrendo,
816 4506 869 4554 pro.
901 4491 1034 4538 inebortum
1054 4490 1229 4539 tantummodo:
1257 4506 1330 4550 quum
1350 4501 1414 4536 sono

354 4550 455 4602 terendo
477 4563 536 4610 ιοιιι,
552 4551 568 4602 i.
583 4567 606 4602 s.
627 4552 749 4605 delectum.
784 4556 829 4606 Sic.
849 4572 871 4607 c.
901 4555 1133 4622 supenmdelectus
1142 4555 1292 4608 bunarii.
