3175 5200
495 335 573 397 ma.
587 330 640 397 vr.
662 290 745 395 osa.
760 326 909 393 xxxm.
1164 326 1227 391 aes

189 498 267 568 reat,
280 506 344 555 aon
357 486 512 557 habebunt
524 487 639 557 tribuni
654 486 762 571 plebis.
802 483 958 549 'Iribrmos
968 482 1063 549 etiam
1076 484 1225 551 militares
1238 473 1273 527 ὓ·
1282 470 1314 587 g·
1324 470 1382 587 ⁸7¹⁸·

189 574 333 657 patricios
353 596 472 653 omnes,
501 586 609 638 coacte
633 576 805 659 principum
830 573 952 655 opibus,
974 571 1059 652 iecit,
1072 570 1109 639 b.
1124 569 1226 634 AEmi·
1238 542 1270 655 ἓ
1274 540 1378 653 &2112

189 660 274 742 liunt,
289 660 322 725 P.
336 658 492 750 Valerium
515 671 665 741 quartum,
689 660 724 723 C.
750 659 922 738 Veturium,
953 656 1018 721 Ser.
1047 657 1228 742 Sulpicium,
1239 672 1327 749 mas.
1335 668 1379 717 τι.

192 744 227 813 h.
242 758 274 811 st
299 747 334 811 C.
358 747 517 819 Quinctios
540 746 749 812 Cincinnatos.
793 745 907 809 Iisdem
929 746 1038 828 opibus
1059 746 1229 823 obtinuere,
1241 736 1296 787 Mt

190 845 225 897 ut
248 834 390 899 adversus
419 832 546 897 Ictinos
568 830 768 915 Volscosque,
790 834 842 913 qui
865 830 1037 914 conjunctis
1059 832 1230 913 legionibus

192 920 230 983 ab
246 918 398 986 Satricum
413 933 514 983 oastm
535 921 699 999 habebant,
714 920 799 989 nullo
823 919 999 1002 inpediente
1022 919 1163 981 omnibus
1180 916 1232 1000 ju·

191 1006 326 1071 nioribus
341 1018 533 1072 sacramento
549 1007 678 1087 adactis,
687 1018 748 1069 tres
764 1008 916 1069 exercitus
930 1006 1114 1069 scriberent:
1137 1022 1233 1065 unum

192 1092 230 1155 sd
253 1092 426 1173 prasiditrm
449 1092 553 1170 urbisr
584 1094 724 1171 alterum,
740 1093 803 1173 quI,
818 1092 844 1153 si
865 1091 916 1173 qui
936 1093 1008 1154 alibi
1023 1102 1125 1155 motus
1139 1089 1234 1152 exsti·

192 1177 290 1257 ussat,
305 1178 345 1243 ad
359 1178 461 1241 subita
485 1179 556 1242 belli
579 1180 659 1241 mitti
683 1190 805 1261 posset3
828 1179 952 1240 tertium
974 1178 1065 1259 longe
1086 1175 1235 1239 validissi-

192 1284 276 1331 mum
302 1262 335 1327 P.
355 1263 494 1332 Valerius
519 1276 553 1327 et
573 1264 608 1327 b
627 1262 771 1327 AEmilius
796 1264 837 1325 ad
850 1262 1003 1326 Satricum
1019 1264 1153 1326 duxere:
1182 1260 1235 1323 ubi

197 1369 291 1431 quum
306 1351 403 1415 aciem
419 1351 598 1413 iustnrctam
614 1352 749 1413 bostium
765 1350 835 1411 ioco
860 1370 947 1430 aequo
970 1350 1166 1427 invenissent,
1180 1368 1236 1409 ex·
1315 1419 1322 1432 ι

194 1435 311 1517 templo
333 1447 522 1519 pugnatumr
547 1447 587 1515 et,
609 1448 645 1499 ut
669 1436 806 1500 noudum
832 1436 907 1499 satis
928 1437 1043 1497 claram
1065 1417 1386 1535 vicfflmfflff„

195 1522 405 1605 rio-prosperae
428 1524 492 1605 spei
518 1542 653 1605 pugnam
676 1522 773 1584 imber
795 1522 970 1603 ingentibus
992 1520 1132 1604 pr‘ocellis
1154 1521 1238 1581 fursus

197 1607 329 1675 diremit.
373 1606 500 1672 Postero
526 1609 575 1671 die
602 1608 712 1670 iterata
735 1628 859 1690 pugnas
894 1618 928 1669 et
946 1607 1134 1687 aliquamdiu
1153 1624 1240 1687 sequa

198 1693 309 1760 virtute
334 1694 515 1774 fortunaque
530 1692 648 1757 Latine
664 1695 796 1756 maxime
821 1693 969 1776 legiones,
985 1693 1078 1776 longa
1091 1693 1240 1755 societate

197 1779 339 1845 militiam
366 1778 536 1843 Romanam
552 1778 679 1859 edocta,
694 1780 859 1843 restabant.
874 1800 966 1861 eques
991 1780 1132 1842 inmissus
1157 1778 1241 1840 ordi·

197 1884 250 1931 nas
278 1865 439 1942 mrbsuitt-
460 1866 591 1929 turbatis
612 1866 700 1949 signs
720 1867 859 1950 peditum
881 1867 999 1929 inlata:
1035 1878 1242 1948 quantumque

198 1948 338 2017 Romana
360 1974 394 2017 ss
415 1953 531 2015 invexit
554 1953 646 2031 scies,
669 1965 789 2016 tantum
816 1954 922 2015 hostes
943 1952 1042 2034 gradu
1062 1951 1189 2013 demoti.
1211 1959 1244 2011 et

198 2048 232 2103 ut
257 2038 350 2105 semsi
378 2038 535 2101 inclinavit
563 2059 678 2121 pugne,
707 2038 774 2119 jam
804 2038 1004 2103 intolerabilis
1036 2038 1178 2100 Romane
1197 2035 1244 2095 uis

130 2145 132 2149 ⁴
199 2134 274 2187 erat.
332 2122 403 2187 Fuai
428 2124 533 2186 hostes
559 2145 652 2205 quum
675 2122 840 2201 Satricum,
862 2124 944 2205 quod
967 2126 1028 2187 duo
1050 2123 1147 2190 miliia
1172 2122 1244 2183 inde

200 2210 317 2287 aberat,
332 2229 395 2273 nou
409 2221 521 2287 castra,
534 2222 686 2292 peterent,
702 2212 740 2271 ab
762 2210 904 2292 equitatu
928 2210 1062 2273 maxime
1084 2211 1168 2271 cesi·-
1178 2228 1245 2270 cas·

200 2306 250 2359 tra
271 2306 364 2377 capta
390 2295 580 2377 direptaque.
623 2295 673 2358 Ab
697 2294 819 2359 Satrico
834 2307 936 2375 nocte,
951 2317 1017 2377 quse
1039 2296 1148 2383 proeIio
1174 2315 1246 2377 pro-

202 2380 287 2447 xima
300 2380 369 2459 fuit,
384 2380 462 2463 fugm
484 2380 575 2445 simili
591 2383 714 2465 engne
728 2393 839 2465 petunt
851 2382 1001 2445 Antium:
1026 2395 1059 2445 st
1073 2402 1167 2463 quum
1182 2380 1247 2443 Ro·

202 2486 311 2533 manus
338 2468 606 2553 exercitusprope
627 2470 762 2551 vestigiis
785 2481 971 2551 sequeretur,
997 2470 1065 2553 plus
1080 2481 1185 2532 tamen
1206 2468 1248 2529 ti·

203 2572 281 2631 mor,
297 2573 386 2634 quam
410 2554 466 2633 ira,
481 2555 644 2619 celeritatis
672 2556 788 2620 habuit.
833 2555 918 2619 Prius
941 2557 1042 2639 itaque
1065 2555 1179 2624 moenia
1200 2554 1248 2615 in·

203 2650 319 2706 travsre
334 2640 448 2717 hostes,
463 2661 554 2722 quam
578 2641 734 2704 Romanum
756 2653 895 2706 extrema
909 2645 1040 2726 agminis
1054 2662 1180 2724 carpere
1196 2652 1250 2703 aut

202 2726 315 2791 morari
342 2737 454 2808 posset.
469 2727 543 2792 inde
565 2728 681 2809 sIIquot
702 2729 767 2792 dies
781 2729 931 2792 vmtando
945 2750 1020 2811 agro
1035 2729 1178 2807 absumti,
1192 2747 1250 2790 nec

202 2809 350 2878 Romanis
375 2813 450 2876 satis
473 2815 629 2878 instructis
652 2816 802 2899 adparatu
816 2816 928 2878 bellico
944 2817 985 2878 ed
999 2817 1115 2879 moenia
1140 2815 1250 2898 adgre-

204 2897 326 2976 dienda,
341 2899 469 2964 oscillis
483 2900 525 2962 ad
539 2901 730 2964 subeundum
740 2923 849 2984 pugnae
858 2923 972 2965 casum.

247 2981 398 3047 XXXIII.
421 2981 542 3046 Seditio
558 2999 624 3048 tum
649 2987 729 3049 inter
743 2987 887 3051 Antiates
912 2986 1100 3069 Latiumque
1122 2999 1250 3066 coortat

206 3088 300 3148 quum
314 3067 468 3147 Antiates,
482 3071 556 3132 victi
583 3072 671 3133 malis
695 3072 872 3153 subactique
897 3074 990 3152 bello,
1004 3074 1036 3134 in
1051 3094 1113 3154 quo
1134 3084 1167 3134 et
1186 3074 1252 3136 nati

206 3165 304 3230 erant,
318 3165 351 3218 st
373 3167 607 3233 consenuerant,
623 3156 812 3218 deditionem
834 3169 1029 3239 spectarent,
1064 3157 1192 3220 Latinos
1214 3179 1253 3220 ex

208 3239 327 3308 diutina
347 3259 424 3322 pace
439 3260 517 3302 nova
531 3239 665 3303 defectio
688 3244 859 3304 recentibus
882 3244 983 3306 adbuc
998 3243 1107 3305 animis
1122 3243 1253 3306 ferocio-

208 3347 257 3390 res
272 3323 312 3388 ad
326 3326 577 3407 perseuerandum
599 3328 631 3388 iu
653 3327 735 3390 bello
749 3327 874 3396 faceret.
898 3329 969 3391 finis
993 3331 1168 3392 certaminis
1182 3330 1253 3411 fuit,

208 3423 371 3494 postquam
386 3410 521 3493 utrisque
537 3413 689 3496 adparuit,
704 3413 779 3476 nihil
794 3435 850 3497 per
874 3416 985 3479 alteros
1011 3429 1103 3496 stare,
1118 3437 1179 3499 quo
1193 3419 1253 3480 mi·

208 3518 266 3560 nus
287 3497 411 3579 incepta
436 3511 696 3580 persequerentur.
740 3499 842 3563 latini
858 3502 987 3584 proiecti
1003 3525 1023 3565 a
1036 3506 1183 3567 societate
1197 3526 1253 3588 pa-

209 3583 265 3661 cis,
288 3595 320 3646 ut
344 3585 497 3663 rebantur,
519 3587 688 3649 inhonestas
715 3607 780 3651 sese
807 3588 1043 3653 vindicavemnt.
1099 3591 1253 3671 Antiates,

210 3669 413 3732 incommodis
428 3672 548 3734 arbitris
571 3673 747 3736 salutarium
769 3676 965 3738 consiliorum
987 3679 1123 3757 remotis,
1145 3679 1253 3740 urbem

209 3755 686 3914 sm
792 3762 1254 3845 ιι

210 3939 383 4011 potuerant,
398 3951 436 3993 eo
451 3932 562 4015 erupit,
577 3943 612 3994 ut
633 3890 786 3998 suiimm
807 3936 926 4016 urbem,
941 3954 1007 4020 quse
1028 3937 1253 4022 receptaculum

210 4014 566 4170 tibbtit‘ii‘t
581 4020 814 4188 '’Si'uii'i
829 4021 906 4172 tit
920 4039 1171 4172 {⁰⁰⁰¹‘ttt⁰‘²
1195 4045 1253 4172 ”i

213 4189 406 4272 profanisque
423 4126 608 4276 (irijicereSI)
625 4213 717 4278 quam
732 4129 838 4257 mitris
852 4128 1251 4282 Mamspesoeppluphoelp·

213 4273 320 4336 decos
339 4297 398 4342 nec
420 4298 475 4340 sua
496 4279 614 4362 religio,
629 4301 686 4346 nee
707 4283 889 4348 verecundia
909 4281 1013 4351 Deum
1027 4285 1159 4348 mouisse
1174 4283 1252 4346 dici-

122 4417 127 4424 .
211 4367 273 4438 tur,
288 4359 342 4423 sed
362 4383 423 4436 vox
447 4363 611 4446 hunaudo,
624 4365 710 4432 edita
731 4367 848 4451 tempto
868 4388 940 4433 erun
953 4370 1090 4434 tristibus
1104 4369 1206 4452 minis,
1220 4371 1253 4439 ai

211 4443 362 4513 nefandos
375 4447 461 4532 ignes
475 4451 581 4538 procui
596 4451 728 4520 delubris
743 4454 937 4524 mutuent.
979 4453 1123 4526 Incensos
1144 4478 1182 4524 ea
1203 4477 1252 4524 ra-
