3175 5200
531 367 609 424 LlB.
629 367 654 424 l.
683 367 765 424 cnr.
785 366 868 426 XIII.
1181 366 1219 431 21

180 525 243 588 baec
257 524 449 607 gloriantem,
461 545 530 586 cum
547 525 640 606 globo
657 523 907 586 ferocissimorum
918 521 1221 606 juvenumllomulm

95 651 99 659 -
179 611 314 693 inpetum
329 609 413 674 lacit.
457 609 504 672 Ex
516 631 595 692 equo
609 622 674 672 tum
697 609 776 672 lorte
799 607 916 671 Mettus
937 612 1113 693 pugnabat:
1140 616 1167 652 ⁸⁰
1183 635 1220 674 eo

177 697 247 778 pelli
275 697 391 760 facilius
421 697 502 760 fuit:
537 695 656 779 pulsum
679 693 819 774 Romani
847 709 1074 778 persequuntur.
1103 710 1135 759 et
1159 699 1220 761 elia

176 779 317 846 Romana
331 783 422 861 scies,
436 782 565 846 audacie
579 782 658 864 regie
672 801 812 858 accense,
838 779 938 842 fundit
952 779 1090 844 Sabinos.
1134 781 1219 847 Met-

176 878 225 930 tus
251 869 282 930 in
308 869 449 952 paludem
475 889 551 946 sese,
569 869 697 950 strepitu
720 867 911 949 sequentium
935 869 1106 949 trepidante
1129 891 1218 952 equo,

176 953 329 1036 conjecit:
360 959 385 995 ⁹¹
403 955 632 1036 adverteretque
655 975 691 1016 ea
714 973 761 1015 res
786 953 880 1014 etiem
901 947 1032 1014 Sabinos
1045 955 1124 1016 tenti
1138 958 1218 1037 peri-

174 1041 244 1104 culo
267 1041 333 1104 riri.
376 1041 418 1104 Et
440 1042 491 1103 ille
515 1040 648 1122 quidem,
671 1039 874 1101 adnuentibus
897 1058 934 1099 ae
953 1039 1132 1100 vocantibus
1147 1043 1218 1120 suis,

174 1126 274 1189 favore
295 1128 459 1189 multorum
483 1126 590 1188 addito
614 1126 727 1203 animo,
753 1125 865 1186 evadit·
908 1122 1041 1185 Romani
1056 1121 1219 1206 Sabinique

173 1211 205 1272 in
231 1213 334 1275 medis
356 1212 493 1274 convelle
518 1211 645 1273 duorum
670 1210 821 1272 montium
842 1209 1051 1290 redimegrent
1070 1211 1219 1292 proelium.

173 1298 227 1360 sed
242 1319 289 1360 ree
304 1298 446 1360 Romane
460 1311 526 1358 erat
540 1297 683 1379 superior.

216 1381 306 1446 Xlll.
338 1381 419 1446 'lium
445 1379 564 1444 Sabine
593 1381 741 1468 mulieres,
768 1400 892 1462 quarum
918 1401 958 1441 ex
979 1379 1088 1462 injuria
1104 1381 1216 1445 bellum
1230 1395 1367 1446 unm·

174 1480 275 1531 ortum
290 1481 367 1546 erat,
382 1468 513 1530 crinibus
527 1467 622 1550 pessis
637 1467 787 1547 scissaque
807 1478 900 1543 veste,
924 1467 1008 1528 victo
1034 1466 1122 1528 malis
1148 1489 1215 1530 mu·
1227 1463 1330 1538 ΜΝ
1342 1463 1376 1511 ⁶³·

174 1554 258 1617 liebri
274 1575 402 1638 pavore,
426 1574 504 1616 euers
524 1573 556 1614 ee
580 1553 659 1614 inter
681 1552 744 1616 telo
766 1551 900 1614 volantia
920 1552 1040 1630 inferre,
1062 1574 1101 1614 ex
1115 1565 1214 1616 nans-
1226 1539 1321 1576 ¹¹¹¹¹¹¹¹¹“

173 1661 260 1702 verso
282 1641 399 1723 impetu
423 1639 515 1716 fecto,
538 1639 678 1701 dirimere
704 1637 830 1700 infestas
853 1638 945 1714 ecies,
968 1638 1110 1700 dirimere
1133 1641 1212 1719 iras3

172 1726 244 1788 binc
257 1736 369 1808 patres,
391 1725 462 1788 hino
481 1725 559 1788 viroe
574 1737 706 1801 orantes,
730 1724 740 1757 ‘
755 1744 792 1785 ne
807 1745 840 1785 se
853 1723 1001 1806 sanguine
1014 1724 1148 1788 nefando
1161 1747 1212 1788 so-

172 1813 182 1844 ‘
196 1813 256 1874 ceri
267 1813 428 1894 generique
439 1824 646 1895 respergerent
658 1832 666 1872 :
683 1814 710 1850 ⁹²
722 1830 761 1872 ne
770 1811 934 1893 parricidio
945 1811 1132 1874 macularent
1143 1834 1214 1895 per·

171 1897 180 1928 ‘
196 1909 245 1960 tua
259 1919 340 1976 suos,
355 1909 500 1982 nepotum
515 1897 570 1975 illi,
584 1897 712 1960 liberbm
727 1897 758 1958 hi
772 1897 959 1980 progeniem.
998 1893 1031 1958 Si
1047 1896 1214 1965 adfinitatis

171 1983 274 2046 ‘inter
288 2005 352 2062 voe,
372 1984 398 2046 si
419 1971 560 2046 connubii
576 1985 671 2066 piget,
691 1983 724 2045 in
742 2002 798 2044 nos
812 1983 920 2045 vertite
936 1983 1014 2044 ires:
1037 2003 1092 2044 uos
1108 2004 1215 2047 caussa

170 2069 180 2100 ‘
195 2069 276 2148 belli,
290 2091 346 2133 uos
355 2069 510 2134 vulnerum
522 2091 558 2133 ec
570 2069 697 2132 caedium
708 2069 779 2130 viris
791 2089 828 2130 ac
838 2069 1015 2150 perentibus
1025 2088 1137 2130 sumus.
1149 2091 1215 2131 me-

170 2156 180 2186 ‘
196 2155 252 2218 lius
266 2157 440 2238 peribimus,
458 2176 550 2238 quem
565 2158 592 2234 ⁹!
604 2156 669 2216 sine
687 2154 789 2216 alteris
807 2155 939 2214 vestrum
956 2153 1052 2214 viduae
1067 2167 1121 2214 aut
1135 2157 1215 2216 orboe

170 2240 349 2302 ‘vivemus'
395 2240 504 2303 Movet
527 2261 575 2302 ree
597 2251 663 2301 tum
679 2238 917 2313 multitudinem,
934 2249 999 2299 tum
1020 2238 1123 2299 duces.
1167 2238 1215 2300 Si·
1228 2257 1303 2308 U.·0.
1315 2263 1339 2310 7.

170 2325 298 2388 lentium
322 2339 355 2388 et
370 2326 528 2408 repentina
548 2324 585 2388 fit
604 2325 699 2406 quies.
714 2324 785 2385 iude
800 2323 839 2384 ad
854 2323 951 2384 soedus
966 2323 1136 2384 faciendum
1160 2325 1216 2387 du·
1228 2322 1259 2371 A*
1272 2321 1301 2373 ⁰·
1312 2328 1367 2374 ⁷⁴5·

170 2431 221 2472 ces
244 2410 416 2494 prodeunt:
449 2431 504 2474 nec
529 2430 637 2493 pacem
661 2410 763 2488 modo,
785 2410 840 2471 sed
854 2422 887 2471 et
900 2409 1056 2472 cititetem
1070 2430 1164 2472 utrem
1176 2432 1213 2472 ex
1225 2450 1261 2500 nir

169 2497 286 2558 duabus
308 2497 448 2560 faciunt:
478 2517 605 2579 reguum
620 2496 808 2573 consocient,
830 2495 990 2579 imperium
1005 2516 1095 2556 omne
1110 2496 1213 2559 confe-
1263 2486 1270 2501 ⁸

169 2595 240 2645 runt
265 2581 406 2647 Romam.
451 2579 500 2646 lte
521 2582 678 2667 geminata
691 2582 776 2661 urbe,
790 2593 826 2644 ut
840 2579 961 2644 Sabinis
982 2595 1085 2645 tamen
1099 2582 1213 2665 reliquid

167 2669 299 2748 daretur,
321 2668 453 2741 Quirites
477 2691 497 2732 a
519 2668 648 2733 Curibus
671 2668 825 2752 adpelleti.
847 2671 873 2707 ⁰⁴
895 2682 1124 2732 monumentum
1148 2670 1212 2754 ejus
1225 2683 1330 2739 aurire·

167 2776 285 2838 pugne,
321 2756 374 2818 ubi
410 2757 540 2840 primum
572 2776 611 2819 ex
638 2754 788 2838 protunda
816 2775 948 2817 emersus
977 2755 1088 2837 polude
1117 2778 1210 2839 equm
1224 2750 1361 2801 Μᾶῑΰῑ·

75 2920 78 2923 ¹
167 2839 305 2905 Curtium
331 2843 363 2903 in
386 2842 465 2905 vado
488 2842 607 2919 statuit,
635 2840 773 2905 Curtium
796 2842 896 2902 lacum
918 2841 1118 2923 adpellemnt.
1162 2842 1210 2905 Ex

124 2952 127 2959 ⁴
167 2927 247 2990 bello
273 2940 336 2991 tem
361 2930 440 2991 tristi
465 2929 534 2991 leto
556 2940 680 3011 repente
704 2949 765 3010 pax
778 2927 917 3013 ⁴cariores
939 2924 1067 2990 Sabinas
1087 2929 1157 2991 viris
1172 2952 1209 2992 ec

164 3015 351 3095 parentibus,
365 3027 397 3076 et
411 3025 482 3077 ante
497 3034 602 3076 omnes
617 3012 749 3077 Romulo
764 3013 833 3096 ipsi,
848 3013 930 3075 fecit.
975 3011 1093 3096 ltaque,
1116 3034 1208 3095 quum

165 3099 310 3180 populum
334 3101 365 3161 in
391 3104 417 3141 ⁹⁵
434 3100 530 3163 curies
546 3100 673 3182 triginta
687 3099 845 3173 divideret,
860 3099 986 3160 uomina
1000 3120 1103 3161 eorum
1119 3102 1209 3163 curiis

198 3300 295 3349 ⁹⁰’Fa
301 3302 356 3363 pelli
368 3302 459 3361 fecilior
460 3302 525 3368 siret]
540 3304 597 3351 ldeo
607 3302 672 3366 (quie
702 3314 760 3351 rtroe
776 3246 917 3350 emiserimoe
939 3300 1019 3363 bello;
1045 3303 1115 3360 orbe,
1130 3301 1150 3350 ri
1166 3301 1208 3350 82·

166 3380 250 3429 nempe
266 3382 294 3415 er
320 3381 380 3429 equo
405 3368 525 3429 pugnabat,
546 3368 585 3430 qui
601 3367 672 3415 remei
702 3366 889 3479 bouem:
903 3376 1000 3414 noruoe.

166 3440 312 3479 errternetue
326 3446 438 3479 cereorum
460 3430 497 3479 rel
517 3432 614 3479 inritum
631 3431 671 3479 ab·
732 3430 755 3467 ⁹⁴
890 3431 949 3496 tum]
966 3431 1055 3480 Locum
1078 3445 1142 3494 eum,
1169 3432 1207 3479 ubi

165 3493 218 3559 ripit
235 3505 259 3543 et
274 3490 361 3559 aufert)
379 3494 432 3561 pelli
451 3494 561 3545 Mettium
582 3495 671 3545 recline
697 3496 798 3557 priunum
825 3510 851 3544 ee
871 3494 984 3560 profunde
1010 3510 1102 3545 mrsu
1123 3496 1207 3558 palude

162 3558 219 3609 fuir.
671 3565 676 3576 '
702 3559 930 3621 macerrimis
947 3562 1002 3609 cordo
1021 3560 1109 3621 wsb,
1131 3563 1205 3623 eppei-

196 3624 216 3659 ⁹¹
235 3622 406 3685 uerumque
434 3640 460 3672 ee
486 3639 520 3672 ree
544 3624 610 3673 etiem
628 3622 669 3672 Se·
702 3620 780 3672 bunt
803 3624 907 3673 cortun
932 3628 1019 3683 lecum
1045 3626 1105 3686 quoe
1124 3640 1203 3674 nonu·

162 3684 232 3749 bbere]
254 3688 286 3737 lla
318 3703 356 3738 ree
380 3687 467 3736 rniroor
487 3688 609 3751 oeuloeque
625 3689 668 3737 Se·
701 3698 800 3737 mrum
814 3690 863 3749 ejas
875 3705 956 3753 pugne
971 3700 1016 3747 en,
1029 3691 1077 3738 eive
1092 3690 1116 3737 in
1126 3705 1204 3739 erma·

164 3752 268 3800 birrorum
286 3752 339 3802 illuc
355 3764 508 3801 converteret.
541 3752 606 3802 Olim
628 3756 669 3805 bio
699 3754 857 3815 mon-erm
870 3770 959 3819 pugne.
996 3754 1051 3803 Hoc
1066 3766 1145 3804 autern
1161 3770 1204 3803 no·

163 3817 280 3877 legebatur
305 3824 462 3883 aaronque.
496 3817 585 3881 Iipriur
617 3832 668 3867 uru-
699 3833 754 3866 men
769 3817 833 3867 locut
859 3816 897 3865 ille
924 3818 1030 3879 retinuit,
1055 3818 1203 3881 licetpoetea

163 3885 235 3929 terit:
263 3894 342 3931 reete:
372 3882 415 3929 riri
443 3882 507 3929 malie
525 3884 669 3947 munitque,
700 3892 790 3944 regern
817 3894 879 3931 terre
906 3882 1007 3945 repletum
1039 3894 1117 3939 eruere
1143 3882 1204 3945 qued

163 3956 190 3993 ut
206 3946 305 3995 hebetur
320 3947 343 3995 in
360 3962 407 3994 uoo
423 3962 436 3995 e
453 3946 521 4008 regila
537 3948 602 3997 codd.
698 3950 765 3995 docet
776 3949 849 3997 Dion.
865 3947 882 3995 l.
896 3962 926 3997 rr.
944 3947 1021 3994 Aliam
1037 3946 1067 3993 de
1082 3945 1151 4011 hujus
1163 3962 1203 4010 rp-

194 4011 216 4047 ⁹⁸
233 4009 269 4060 Ne
285 4008 416 4075 parricidio]
443 4010 484 4058 Ne
603 4028 667 4075 ruer,
696 4014 826 4075 pellerionie
860 4011 947 4075 origine
974 4009 1105 4075 opiniterem
1131 4012 1202 4060 refert

163 4075 201 4137 qui
217 4076 352 4125 Sabinorum
380 4088 484 4139 nepotes,
546 4094 664 4127 manorum
697 4076 832 4126 Liriuevra
846 4080 870 4128 6.

162 4140 228 4189 liberi
241 4151 314 4199 error,
329 4142 374 4189 bec
389 4140 478 4189 macule
493 4157 662 4207 respergerent,
727 4143 750 4179 ⁹⁵
767 4141 860 4205 creta]
878 4140 949 4189 Cor-te
975 4140 1015 4188 bie
1037 4138 1145 4204 rcdpirur
1159 4154 1201 4216 pro

163 4216 188 4253 ur
209 4206 369 4271 parricidarum
384 4205 501 4269 progemes
522 4206 660 4257 dicerentur.
696 4207 784 4256 decima
807 4218 871 4269 pene
889 4207 971 4254 tribur.
1004 4204 1115 4255 llomulue
1130 4220 1202 4265 eorm,

162 4266 272 4331 Nrpurum
299 4282 323 4318 er
349 4272 440 4319 ὶίὸιηιω
458 4274 591 4337 moden,
609 4274 626 4323 i.
641 4289 663 4323 e.
696 4282 722 4318 ur
742 4270 840 4319 babetur
860 4270 1008 4348 rpudODioo.
1039 4270 1056 4318 l.
1079 4284 1107 4320 rr.
1130 4270 1201 4319 diviso

162 4336 398 4449 ”wsfflffi
417 4368 511 4448 dean
532 4401 604 4449 neu
623 4410 665 4451 ιιι
694 4335 1201 4458 qqnqnffiqrqrppqwqmuqq
1283 4442 1286 4447 .

161 4460 227 4523 erbe]
246 4462 337 4524 Vidua,
354 4464 499 4515 tillonem
517 4465 663 4515 multorum·
696 4468 765 4513 tribur
785 4464 913 4530 appellent,
937 4479 1122 4527 unamquemque
1149 4476 1200 4509 rur*

1228 2385 1275 2433 Pax
1285 2404 1369 2437 coere-
1424 2430 1427 2436 .
