3175 5200
424 295 482 354 58⁰
844 288 930 350 Tm
947 289 1049 350 mvn

256 439 328 491 Μ·
341 442 397 494 ⁴³⁶·
425 447 498 510 catis
526 445 653 529 plebeiis
682 445 840 523 matronis,
876 457 1042 530 conquesta
1078 445 1222 530 injuriam
1255 443 1491 528 patriciarum,

257 507 397 622 ξζᾶἓὶἓέθ·
425 531 540 596 ‘Hanc
555 553 614 615 ego
629 531 734 610 ararn‚'
749 533 858 614 inquit,
872 531 1047 597 ‘Pudicitia
1058 534 1182 616 plebeia
1196 533 1344 596 dedico:
1371 551 1491 612 vosque

256 636 351 701 uetus
424 621 435 656 ‘
450 622 566 698 hortor,
580 631 626 697 ut,
640 620 722 701 quod
732 631 888 682 certamen
897 619 1015 682 virtutis
1026 621 1103 682 viros
1113 622 1145 682 in
1156 622 1217 682 hac
1230 619 1377 680 civitate
1390 630 1489 696 tener,

423 708 436 742 ‘
450 708 509 769 hoc
525 706 677 789 pudicitia
692 706 770 768 inter
785 717 939 768 matronas
954 706 1013 768 sit:
1037 705 1173 787 detisque
1194 725 1351 788 operam,
1369 717 1411 766 nt
1426 705 1488 767 lace

423 795 435 828 ‘
450 815 513 871 ara,
528 813 620 874 quam
636 793 697 869 illa,
711 793 737 852 si
752 792 826 873 quid
840 804 952 874 potest,
965 792 1099 854 sanctius
1113 804 1146 855 et
1165 814 1185 854 a
1201 791 1411 854 castioribus
1425 792 1485 852 coli

417 880 435 950 ,‘
450 877 587 942 dicatu!
631 878 748 940 Eodem
764 878 858 940 fenne
874 878 933 939 ritu
948 889 979 940 et
993 878 1059 942 bac
1073 899 1136 955 ara,
1150 899 1212 958 quo
1228 878 1289 940 illa
1305 878 1482 959 antiquior,

423 966 506 1030 culta
521 977 584 1042 est;
607 977 642 1027 ut
664 965 757 1043 nulla,
780 964 839 1025 nisi
857 973 1001 1044 spectatae
1015 964 1168 1046 pudicitia
1182 975 1352 1040 murone,
1368 977 1405 1024 et
1418 985 1482 1044 qm

423 1053 548 1115 univiro
558 1063 654 1134 nupta
664 1052 780 1128 fuisset,
796 1048 846 1130 jus
862 1049 1049 1112 sacrificandi
1060 1051 1196 1112 haberet.
1241 1047 1397 1132 Vulgata
1409 1050 1478 1112 dein

424 1138 528 1220 religio
543 1160 563 1199 a
577 1137 708 1219 pollutis,
720 1157 777 1198 nec
792 1135 938 1198 matronis
949 1137 1057 1214 solum,
1072 1135 1235 1198 scdomnis
1245 1137 1381 1199 ordinis
1390 1137 1478 1200 lemi-

422 1225 480 1302 nis,
502 1235 654 1306 postremo
675 1223 706 1286 in
731 1222 910 1285 oblivionem
930 1223 1023 1284 venit
1066 1220 1184 1284 Fodem
1199 1243 1287 1285 anno
1304 1221 1374 1284 Cn.
1391 1223 1475 1294 etQ.

422 1309 544 1392 Ogulnii
559 1309 659 1376 aediles
675 1309 791 1370 curules
813 1309 929 1389 aliquot
948 1307 1176 1370 foeneratoribus
1195 1309 1282 1371 diem
1301 1309 1472 1370 dixemut:

422 1417 549 1478 quorum
574 1396 662 1457 bonis
685 1395 831 1472 multatis,
854 1415 893 1456 ex
914 1416 961 1472 eo,
985 1394 1067 1476 quod
1081 1395 1113 1455 in
1127 1395 1287 1476 publicum
1309 1396 1473 1458 redactum

421 1494 478 1560 est,
502 1503 585 1546 anas
608 1482 639 1543 in
664 1477 818 1562 Capitolio
838 1480 953 1558 limina,
976 1493 1009 1542 et
1023 1481 1112 1542 trium
1127 1500 1306 1542 mensarum
1323 1495 1474 1564 argentea

419 1589 492 1630 vasa
507 1569 537 1628 in
553 1567 630 1630 cella
643 1566 739 1643 lovis,
754 1564 922 1648 lovemque
943 1568 975 1630 in
999 1567 1130 1628 culmine
1153 1586 1223 1628 cum
1246 1568 1427 1650 quadrigis,
1442 1587 1471 1630 et

420 1653 497 1714 ⁹⁰ad
531 1652 622 1714 ficum
654 1651 847 1714 Ruminalem
885 1652 1047 1716 simulacra
1074 1652 1236 1715 infantium
1265 1651 1469 1717 conditorum

418 1737 511 1820 Urbis
526 1739 582 1800 sub
598 1738 736 1800 uberibus
756 1737 831 1820 lupae
846 1746 1031 1820 posuerunt,
1054 1739 1252 1819 semitamque
1264 1761 1342 1802 saxo
1356 1742 1469 1822 quad·

415 1835 488 1894 rato
499 1845 519 1885 a
532 1822 656 1906 Capena
670 1834 758 1905 porta
772 1825 811 1886 ad
823 1822 933 1886 Martis
947 1835 1127 1886 straverunt.
1143 1835 1176 1885 et
1188 1825 1225 1885 ab
1236 1825 1372 1889 sedilibus
1386 1828 1469 1908 ple-

421 1910 496 1973 beiis
521 1907 801 1973 L.AE1i0Paet0et
824 1909 860 1973 C.
883 1910 987 1973 Fulvio
1007 1910 1122 1987 Curvo„
1141 1931 1181 1972 ex
1196 1911 1363 1972 multaticia
1377 1912 1468 1974 item

386 2063 395 2077 Ν
423 1997 560 2080 pecunia,
585 2017 675 2078 quam
701 2007 867 2078 exegerunt
889 1997 1073 2080 ”pecuariis
1099 1997 1263 2075 damnatis,
1281 1996 1347 2058 ludi
1362 1997 1466 2077 facti,

423 2095 593 2165 pateraeque
608 2103 703 2144 aurea
718 2083 759 2144 ad
773 2081 890 2144 Cereris
904 2084 1018 2165 posita.

254 2179 288 2226 U.
298 2177 328 2227 e.
340 2176 396 2226 457.
467 2167 583 2232 XXIV.
599 2169 638 2240 Q.
654 2170 725 2232 inde
741 2167 850 2231 Fabius
865 2170 1001 2250 quintum
1016 2181 1048 2232 et
1063 2169 1096 2232 P.
1106 2170 1219 2233 Decius
1230 2184 1377 2252 quartum
1388 2195 1464 2237 oon·

254 2243 396 2356 *ss·ss95·
425 2257 553 2319 sulatum
574 2257 689 2336 ineunt,
709 2257 803 2318 tribus
818 2257 1021 2320 consulatibus
1035 2277 1219 2339 censuraque
1234 2259 1384 2341 colleg-n
1407 2283 1463 2323 nec

252 2308 289 2424 ἓ
295 2325 407 2423 pinzi,
420 2343 522 2426 ¹gloria
536 2344 632 2425 magis
647 2364 755 2421 rerum,
776 2363 841 2425 quse
854 2343 961 2424 ingens
983 2355 1059 2420 erat,
1075 2365 1164 2424 quam
1180 2346 1361 2422 concordia,
1381 2348 1464 2409 iuter

254 2438 377 2488 lucra.
419 2430 553 2492 seclari.
569 2450 634 2511 quae
655 2451 693 2492 ne
712 2441 858 2512 perpetua
872 2440 960 2507 esset,
976 2430 1115 2492 ordinum
1137 2430 1245 2511 magis,
1261 2453 1358 2513 quam
1377 2434 1462 2514 ipso-

237 2506 320 2582 .¹¹¹“¹
330 2506 395 2617 ΕΤ·
424 2537 501 2595 rum,
517 2517 595 2580 inter
615 2537 647 2578 se
667 2529 821 2579 certamen
836 2517 1029 2578 intervenisse
1044 2537 1128 2578 reor:
1151 2517 1289 2597 patriciis
1305 2519 1461 2582 tendenti·

252 2581 410 2699 ξῖᾏᾝ
422 2604 487 2681 bus,
509 2615 544 2667 ut
566 2602 675 2665 Fabius
689 2601 841 2665 Etruriam
859 2616 947 2665 extra
959 2603 1094 2665 ordinem
1108 2603 1295 2686 provinciam
1312 2607 1459 2683 haberet3

252 2701 338 2753 ducite
419 2688 543 2771 plebeiis
558 2689 729 2750 auctoribus
743 2687 850 2767 Decio,
866 2701 900 2750 ut
913 2690 952 2749 ad
965 2702 1078 2751 sortem
1090 2702 1254 2753 revocaret.
1290 2690 1366 2754 Fuit
1381 2706 1460 2755 certe

420 2774 577 2837 contentio
591 2775 623 2835 in
638 2784 762 2853 senatum
786 2786 830 2852 et,
853 2787 1014 2856 postquam
1040 2775 1081 2835 ibi
1105 2774 1215 2837 Fabius
1234 2777 1305 2858 plus
1329 2792 1459 2860 poterat,

419 2870 561 2923 revocata
576 2881 621 2923 res
637 2860 676 2921 ad
698 2862 845 2943 populum
860 2861 964 2922 estin
979 2862 1137 2940 concione,
1161 2874 1196 2923 ut
1215 2862 1297 2925 inter
1313 2866 1458 2927 militares

419 2942 509 3024 uiros,
521 2959 554 3009 et
565 2947 654 3010 factis
669 2948 780 3029 potius,
792 2968 882 3029 quam
895 2947 996 3024 dictis,
1009 2947 1113 3025 fretos,
1124 2968 1222 3029 pauca
1233 2950 1332 3011 verba
1341 2952 1456 3013 habitat

415 3032 540 3113 Fabius,
555 3035 566 3067 ‘
581 3054 671 3115 quarn
683 3034 821 3095 arborem
832 3025 1039 3112 conseruisset,
1049 3034 1105 3097 sub
1115 3055 1153 3096 ea
1160 3034 1261 3117 legere
1272 3035 1374 3101 alium
1383 3038 1459 3098 irne-

419 3121 429 3183 f
445 3132 520 3199 trini,
532 3119 688 3203 indignum
699 3118 912 3200 esse,’dicere;
930 3120 981 3181 ‘se
991 3121 1140 3203 aperuisse
1155 3118 1321 3183 Ciminiam
1342 3124 1460 3200 silvam,

419 3204 431 3269 .‘
445 3208 584 3287 viamque
592 3228 644 3288 per
650 3206 752 3269 devios
759 3206 852 3269 saltus
858 3205 1081 3269 Romanobello
1088 3206 1204 3268 fecisse.
1216 3206 1460 3277 Quidseidaetr·

419 3293 430 3327 ‘
442 3293 480 3355 tis
490 3292 715 3370 sollicitassent,
724 3292 748 3354 si
760 3292 821 3353 alio
831 3292 908 3354 duce
918 3292 1031 3354 bellum
1039 3293 1152 3375 gesturi
1162 3293 1281 3355 essent?
1303 3292 1462 3357 Nimirum

418 3378 430 3411 ‘
444 3378 646 3451 adversarium
652 3399 695 3455 se,
701 3399 762 3439 non
768 3378 884 3440 socium
890 3380 1018 3460 imperii,
1023 3376 1151 3460 legisse:
1157 3380 1460 3461 sensimexprobratt

418 3465 428 3496 ‘
443 3474 474 3525 et
484 3463 658 3526 ⁸²invidissc
667 3461 795 3525 Decium
805 3464 1004 3523 concordibus
1013 3463 1148 3542 collegiis
1157 3464 1274 3540 tribus,’
1286 3464 1460 3545 Postremo,

417 3547 429 3581 ‘
441 3569 473 3609 se
482 3548 605 3611 tendere
617 3548 691 3609 nihil
702 3546 792 3624 ultra,
799 3566 891 3628 quam
898 3556 943 3625 ut,
954 3547 1012 3616 ’,ἐί
1022 3568 1054 3607 se
1063 3547 1187 3627 dignum
1196 3550 1358 3629 provincia
1365 3553 1460 3613 ‹luca-

325 3704 328 3719 ·
418 3634 429 3668 ‘
443 3644 520 3713 rent,
532 3636 563 3695 in
575 3654 642 3695 eam
654 3632 827 3695 mitterent:
848 3633 881 3693 in
892 3642 1014 3693 senatus
1024 3632 1148 3695 arbitrio
1156 3654 1189 3695 se
1198 3634 1300 3713 fuisse,
1312 3639 1391 3699 etin
1401 3660 1459 3722 po-

418 3720 430 3755 ‘
444 3730 554 3783 testata
565 3718 667 3803 populi
680 3716 835 3780 futurum!
861 3717 895 3779 P.
905 3717 1018 3779 Decius
1027 3729 1149 3781 senatus
1158 3717 1299 3801 injuriam
1309 3726 1461 3803 quereba-

418 3818 483 3871 tur:
517 3805 641 3887 ‘quoad
664 3804 830 3888 potuerint,
851 3802 953 3880 Patres
978 3804 1109 3884 adnisos,
1136 3826 1175 3868 ne
1200 3806 1326 3889 plebeiis
1354 3811 1460 3873 aditus

419 3894 430 3928 ‘
445 3894 484 3957 ad
494 3912 621 3975 magrros
633 3890 761 3953 bonores
771 3902 864 3952 esset:
880 3900 1043 3973 postquam
1055 3891 1218 3975 ipsavirtus
1229 3894 1409 3976 pervicerit,
1419 3918 1461 3959 ne

450 4026 991 4096 wOAaficunRecnbulen1Vrd.ru·grs
1011 4033 1092 4081 erden
1113 4034 1231 4083 morardi
1250 4034 1314 4083 inter
1335 4051 1361 4082 re
1383 4050 1468 4095 agere,

417 4099 521 4165 prum.
951 4097 1275 4164 quaduosjsnrocnnilstne
1290 4099 1466 4160 timuistis-
1510 4105 1511 4142 l

449 4162 472 4200 ⁹¹
489 4159 615 4224 Prcucriir]
642 4158 747 4211 Penni
771 4159 810 4210 hic
836 4160 921 4211 intelli·
950 4174 1012 4212 sent.

417 4228 485 4287 rendi
506 4228 613 4276 ridentur
632 4224 754 4290 publicani,
778 4226 818 4290 qui
838 4242 920 4290 pascua
982 4227 1005 4265 Ν
1030 4228 1058 4278 Si
1083 4244 1106 4277 rr
1132 4230 1237 4295 dignum]
1268 4228 1352 4278 Nostri
1377 4244 1464 4279 mnne

415 4290 506 4355 publice
515 4292 665 4342 redimebant.
952 4294 1039 4357 enai,
1059 4304 1086 4342 ut
1104 4292 1190 4358 aliquot
1207 4312 1222 4345 e
1240 4295 1408 4357 ammiras,
1423 4311 1465 4345 α·

447 4352 471 4388 ⁹⁸
493 4354 597 4405 lendan
621 4354 722 4423 Decius]
742 4354 849 4407 Noluisse
869 4356 921 4406 De·
953 4358 1090 4422 cestriae.

416 4416 487 4478 dun.
505 4419 575 4471 tertio
596 4430 648 4475 tun
667 4422 693 4473 ln
714 4421 832 4475 naun
850 4422 920 4474 eoue-
