3175 5200
459 352 546 414 ΗΒ.
560 352 615 415 ΠΙ.
635 352 715 414 CAP.
727 350 857 415 txxu.
1143 362 1203 422 227

164 505 296 569 ‘tium’
319 510 463 591 populum
488 508 661 573 Romanurn
687 513 713 556 ⁰⁷
728 508 968 592 quadruplatoris
989 520 1022 571 et
1046 509 1199 593 intercep·
1212 520 1342 576 ucoca

165 592 264 656 ‘toris
284 596 344 657 litis
362 596 466 658 alicnae
484 617 643 679 personam
666 598 808 658 laturum.
834 616 923 677 quern
947 596 1027 659 enirn
1051 597 1112 659 boc
1137 599 1200 680 pri·
1212 589 1342 639 ΝΜ

166 681 178 714 ‘
192 694 269 745 vatae
283 683 324 745 rei
339 682 475 763 judicem
484 682 602 761 fecisse,
613 694 648 745 ut
659 684 716 745 sibi
731 682 1034 744 ⁰⁸controrersiosam
1043 682 1200 764 adjudica·

167 768 178 799 ‘
193 780 239 830 ret
252 769 337 831 rem?
362 768 519 852 Scaptium
531 769 629 852 ipsum
641 769 673 831 id
685 769 818 851 quidem,
833 770 889 829 etsi
899 770 1069 851 praemortui
1081 769 1146 851 jam
1161 773 1202 834 sit

167 853 179 887 ‘
193 856 324 937 pudoris,
343 878 406 918 non
419 854 588 918 facturum!
632 855 706 917 Haec
722 857 872 933 consules,
889 856 952 917 hec
969 853 1073 917 Patres
1090 858 1202 920 vocife-

168 955 281 1004 rantur.
296 942 349 1004 sed
361 944 427 1026 plus
439 944 589 1026 cupiditas
600 953 631 1005 et
646 955 752 1005 auctor
763 942 941 1025 cupiditatis
956 939 1098 1025 Scaptius
1112 945 1205 1008 valet.

167 1026 291 1092 Vocatus
306 1031 399 1092 tribus
411 1029 633 1111 judicaverunt,
655 1051 760 1112 agrum
776 1030 930 1113 publicum
954 1029 1058 1112 populi
1075 1028 1206 1093 Romani

167 1134 242 1179 csse.
286 1115 353 1178 Nec
365 1118 506 1179 abnuitur
521 1119 564 1179 ita
579 1117 680 1193 fuisse,
696 1118 720 1177 si
742 1115 908 1198 adjudices
926 1116 1002 1178 alios
1017 1117 1094 1177 itum
1109 1117 1205 1180 foret:

166 1222 247 1264 nunc
262 1204 344 1265 haud
365 1225 437 1265 sane
452 1204 616 1286 quidquam
636 1204 749 1265 ”bono
764 1214 896 1265 caussa'
920 1203 1059 1265 levatur·
1078 1203 1209 1267 dedecus

163 1287 281 1372 judicii.
296 1291 388 1372 idque
401 1312 462 1352 non
477 1290 607 1353 Aricinis
622 1289 873 1373 Ardeatibusque,
888 1310 979 1371 quam
994 1288 1132 1353 Patribus
1145 1290 1209 1354 Ro-

169 1378 277 1455 manis,
294 1377 402 1439 foedius
417 1388 508 1459 atque
523 1379 657 1440 acerbius
672 1378 780 1439 visum.
809 1376 971 1460 Reliquum
986 1377 1056 1439 anni
1073 1379 1209 1460 quietum

170 1464 208 1525 ab
223 1464 347 1526 urbanis
363 1465 493 1527 motibus
509 1476 541 1528 et
556 1464 594 1527 ab
609 1466 740 1527 externis
757 1465 879 1527 mansit.

253 1612 565 1665 unumunurn.
637 1614 878 1665 vammum.
956 1610 1154 1665 wemno·
1245 1592 1255 1599 ’

169 1747 248 1785 nmen
266 1737 313 1801 ipae
323 1738 418 1800 populus
438 1738 518 1787 cadem
537 1738 625 1787 anione
639 1737 677 1785 iu-
708 1738 761 1787 Aac.
771 1738 885 1786 Pedianus
894 1736 919 1786 in
927 1736 1008 1787 Dirin.

168 1802 279 1851 vidiosruu
306 1803 483 1866 quadruplatoris
511 1814 535 1853 et
562 1806 677 1867 interoep·
739 1802 974 1864 Μυκηναίου]
987 1801 1214 1867 Ἷοιηήιίωικ

170 1869 226 1915 roris
252 1868 303 1917 'litis
324 1868 404 1917 alienae
421 1885 505 1918 nomeu
523 1869 564 1919 tibi
583 1874 677 1932 quam.
709 1870 990 1934 somamcndiexpen.
1022 1867 1093 1917 Certe
1109 1869 1214 1933 Sigonius

169 1931 206 1981 Ita
222 1933 313 1993 exponit
329 1934 390 1983 bunc
401 1935 477 1984 locum
490 1935 626 1984 Gronovius.
711 1936 811 1984 affirmat
822 1946 911 1984 veteres
927 1934 1056 1991 urnalibron
1065 1934 1152 1985 babere
1162 1952 1214 1985 wtt-

201 1998 223 2035 97
242 1997 435 2063 Qundnrplatorit]
449 2000 680 2062 Quudntplutoresde·
710 2010 833 2049 murman

170 2062 254 2111 latores
265 2077 330 2113 erant
346 2066 467 2114 criminum
482 2067 637 2131 publicorum:
656 2066 681 2113 iu
741 2068 763 2113 m
779 2063 1031 2126 flammamtis]
1049 2063 1217 2112 Bonitntecan·

172 2144 251 2190 quara
263 2144 364 2192 quanam
380 2144 466 2195 partem
481 2149 509 2181 ax
522 2133 680 2180 damnatorum
711 2148 743 2181 aaa
762 2130 912 2179 imminuitur.
945 2130 1001 2180 Huc
1019 2146 1091 2193 utque
1108 2128 1218 2179 odeum

170 2192 311 2256 bouis‚quoa
326 2198 463 2253 detulerant,
477 2196 680 2261 consequebantur.
711 2198 765 2247 bonu
783 2212 863 2245 eom:
889 2196 929 2244 ted
954 2196 1011 2244 illud
1031 2196 1139 2257 aiterum,
1158 2192 1218 2257 quod

173 2258 221 2305 Alii
238 2258 318 2307 dicunt
334 2262 513 2323 qrradmpiotures
531 2280 580 2312 eane
601 2279 681 2314 eorum
713 2261 882 2318 admisimuain
893 2261 1044 2327 oempiuribua
1050 2259 1121 2309 MSS.
1129 2271 1219 2308 entare

171 2338 264 2371 reorum
282 2339 431 2384 nemausus,
452 2329 491 2390 qui
509 2330 606 2378 convicti
624 2345 680 2393 qua·
712 2327 968 2390 resumemus,
984 2338 1010 2378 et
1026 2338 1119 2378 urent
1139 2336 1220 2376 true

172 2388 248 2455 drupli
263 2390 365 2442 &unsri
386 2393 482 2455 solent,
509 2406 536 2446 ut
555 2395 614 2446 alen
637 2397 681 2447 duc.
713 2393 962 2461 amurmuquunui.
