3175 5200
528 381 607 443 utu.
619 379 671 441 Vl.
692 382 775 443 CAP.
787 380 841 442 IV.
1137 385 1197 445 868

148 537 223 601 urbe
248 538 385 603 hostibus
408 540 530 619 tradita,
553 542 682 605 inermes
704 560 774 603 omn
811 537 937 621 singulis
958 538 1068 603 emissi
1100 538 1194 605 vesti-
1206 554 1349 610 mosot

149 626 273 704 mentis,
296 626 459 690 miserabili
484 628 606 709 agmine
635 640 763 711 penates
787 626 1011 707 relinquerent3
1045 649 1084 691 eo
1111 611 1348 692 sornam

148 722 288 795 tempore
312 712 459 776 Camillus
495 734 564 776 cum
600 714 736 777 exercitu
767 712 908 773 Romano
938 713 1111 776 intervenit.
1141 716 1192 779 cui
1374 711 1378 723 '

150 819 242 879 quum
265 821 298 861 se
313 810 423 863 moesta
443 802 535 863 turba
558 800 599 863 ad
621 801 713 883 pedes
727 798 938 881 provolvisset,
961 799 1192 883 principumque

150 885 320 949 orationem
351 887 531 951 necessitate
568 887 679 949 ultima
704 906 891 969 expressam,
920 884 1009 947 fletus
1032 887 1193 951 mulierum

150 992 192 1033 ac
209 992 382 1053 puerorum,
418 974 470 1055 qui
491 972 589 1037 exsilii
614 974 741 1035 comites
768 972 977 1048 trahebantur,
1003 974 1194 1054 excepisset5

148 1078 274 1141 parcere
300 1059 442 1121 lomentis
457 1058 596 1122 Sutrinos
607 1057 720 1140 jussit:
748 1056 885 1120 Etruscis
906 1079 940 1119 se
961 1058 1078 1120 luctum
1102 1059 1194 1121 lacri-

149 1164 275 1227 masque
290 1144 379 1208 ferre.
423 1144 565 1209 Sarcinas
588 1146 657 1207 inde
673 1145 795 1228 deponi,
811 1142 1009 1225 Sutrinosque
1027 1144 1070 1207 ibi
1090 1146 1196 1209 consi·

151 1229 233 1309 dere,
260 1232 383 1295 modico
412 1233 551 1316 praesidio
573 1233 692 1309 relicto,
712 1252 799 1293 arma
829 1250 932 1292 eccum
955 1230 1086 1293 militem
1115 1232 1195 1295 ferre

145 1314 244 1399 jubet·
290 1317 338 1381 lta
358 1320 503 1402 expedito
521 1320 655 1381 exercitu
679 1318 831 1401 profectus
843 1316 883 1378 ad
898 1314 1045 1395 Sutrium,
1060 1318 1094 1379 id
1109 1319 1194 1399 quod

149 1404 284 1481 rebatur,
307 1405 407 1468 soluta
429 1405 534 1469 omnia
553 1406 641 1467 rebus
659 1403 706 1485 (ut
734 1404 782 1484 lit)
797 1402 938 1466 secundis
961 1404 1098 1467 invenit:
1123 1405 1194 1467 nul·

150 1488 212 1551 lam
228 1492 393 1554 stationam
418 1504 490 1555 ante
516 1492 640 1569 moenia,
665 1501 806 1575 patentes
831 1500 946 1571 portas,
972 1491 1119 1553 uictorem
1139 1512 1193 1553 ua-

33 1618 37 1625 ,
80 1582 83 1589 '
150 1596 224 1658 gum
244 1578 377 1659 predam
398 1600 437 1640 ex
455 1579 588 1641 hostium
617 1578 707 1640 tectis
728 1589 915 1659 egerentem.
959 1574 1074 1639 Iterum
1101 1578 1194 1659 igitur

151 1662 262 1725 eodem
285 1665 334 1726 die
350 1662 485 1727 Sutrium
514 1665 654 1747 capitur:
676 1663 808 1726 victores
826 1662 947 1725 Etrusci
971 1664 1084 1745 passim
1099 1666 1195 1727 truci-
1297 1725 1303 1733 ,

150 1748 263 1813 dantur
285 1752 325 1812 ab
341 1772 421 1813 novo
433 1753 533 1829 hoste,
559 1772 656 1833 neque
670 1770 704 1813 se
723 1749 939 1831 conglobandi,
963 1750 1197 1833 coeundiquein

150 1836 256 1913 unum,
284 1848 337 1899 aut
351 1858 437 1899 arma
452 1838 592 1922 capiendi
613 1838 703 1901 datur
722 1838 866 1919 spatium.
881 1856 973 1918 quum
988 1858 1043 1919 pro
1056 1858 1088 1898 se
1112 1837 1196 1919 quis·

151 1942 210 2003 que
225 1924 385 1987 tenderent
401 1924 440 1987 ed
461 1936 576 2007 portas,
591 1925 616 1986 si
632 1944 693 2007 qua
706 1923 784 1986 sorte
799 1944 831 1985 se
852 1923 884 1984 in
899 1944 989 2004 agros
999 1922 1109 2005 ejicere
1123 1945 1197 2006 pos-

151 2019 231 2085 sent,
246 2010 364 2073 clauusas
393 2011 437 2089 (id
452 2012 533 2074 enim
548 2014 679 2094 primum
705 2010 839 2072 dictator
859 2010 1072 2092 imperaverat)
1090 2021 1197 2093 portas

78 2174 80 2177 Ι
151 2095 317 2159 inueniunt.
362 2095 438 2159 Inde
459 2098 510 2161 alii
534 2119 619 2161 arma
643 2117 762 2179 capere,
790 2095 852 2172 alii,
867 2116 943 2177 quos
961 2096 1038 2161 forte
1061 2108 1197 2159 armatos

152 2182 300 2245 tumultus
315 2196 527 2265 occupaverat,
551 2204 720 2246 convocare
746 2202 829 2258 suos,
853 2195 888 2245 ut
908 2183 1048 2265 proelium
1074 2182 1197 2245 inirent.

152 2268 236 2347 quod
250 2290 413 2332 accensum
428 2272 467 2331 ab
482 2271 695 2353 desperatione
715 2269 850 2331 bostium
880 2269 987 2331 fuisset
996 2291 1006 2347 ;
1033 2269 1065 2330 ni
1081 2290 1198 2351 praeco-

153 2372 218 2431 nes,
234 2376 288 2437 per
310 2358 414 2419 urbem
437 2356 564 2436 dimissi,
583 2358 657 2440 poni
677 2377 772 2440 arma,
795 2365 828 2417 et
847 2356 933 2438 parci
960 2356 1068 2417 inermi
1087 2354 1198 2436 jussis·

152 2450 233 2516 sent,
257 2461 313 2503 nec
329 2454 436 2525 praeter
462 2456 596 2507 armatos
625 2462 809 2525 quemquam
823 2442 941 2503 violari.
984 2440 1064 2503 'lbrm
1091 2442 1198 2519 etiam,

153 2526 262 2606 quibus
277 2528 372 2590 animi
394 2532 419 2574 ¹⁷
430 2529 461 2591 in
477 2550 531 2613 spe
547 2529 658 2591 ultima
680 2528 828 2591 obstinati
842 2528 884 2589 sd
899 2526 1118 2588 decertandum
1129 2526 1197 2587 fue-

152 2623 232 2691 rant,
246 2627 410 2697 postquam
432 2616 507 2679 data
521 2637 590 2699 spes
607 2617 676 2678 vitae
700 2630 758 2693 ast,
779 2613 898 2695 jactare
913 2614 1026 2696 passim
1038 2633 1133 2689 arma,
1148 2613 1197 2674 in-

151 2719 320 2781 ermesque,
358 2701 440 2782 quod
474 2703 568 2764 tutius
601 2701 724 2764 fortuna
751 2701 879 2776 fecerat,
910 2709 943 2761 ae
965 2699 1046 2761 hosti
1068 2699 1198 2762 obferre.

150 2781 271 2867 Magna
300 2786 465 2850 multitudo
488 2788 519 2848 in
542 2787 697 2850 custodias
711 2787 828 2848 divisa:
853 2786 1000 2868 oppidum
1025 2797 1097 2848 ante
1122 2804 1198 2848 noo·

150 2881 216 2934 tem
244 2873 396 2936 redditum
418 2871 548 2936 Sutrinis
564 2873 742 2936 inviolatum
755 2873 970 2955 integrumque
985 2874 1025 2935 ab
1036 2871 1119 2934 omni
1134 2871 1199 2932 cla-

149 2956 289 3104 qllebelli,
312 2960 384 3040 quia
407 2980 469 3022 non
483 2961 513 3023 vi
538 2971 674 3042 captum,
697 2961 752 3022 sed
776 2959 923 3021 traditum
937 2979 992 3041 per
1006 2957 1198 3037 conditiones

184 3055 260 3106 erat.

197 3125 251 3190 IV.
275 3129 421 3194 Camillus
447 3131 479 3194 in
508 3133 614 3194 urbem
643 3129 836 3215 triumphans
861 3131 963 3209 rediit,
986 3131 1077 3194 trium
1108 3130 1356 3206 simul'l'riunpbst.

150 3213 301 3278 bellomm
323 3217 429 3279 victor.
474 3215 579 3298 longe
602 3216 748 3298 plurimos
766 3217 903 3298 captivos
917 3238 958 3278 ex
976 3216 1110 3278 Etruscis
1126 3227 1198 3280 ante

153 3321 274 3363 currum
302 3302 399 3363 duxit.
421 3303 528 3384 quibus
559 3303 615 3363 sub
646 3302 737 3362 hasta
757 3301 962 3380 venumdatis,
985 3314 1106 3365 tantum
1132 3303 1198 3365 aeris

153 3386 313 3450 redactum
328 3398 385 3464 est,
401 3399 446 3466 ut,
461 3388 560 3471 pretio
586 3408 641 3470 pro
658 3406 732 3449 auro
748 3389 896 3450 matronis
909 3387 1074 3470 persoluto,
1094 3409 1212 3468 exeo,

154 3475 237 3553 quod
260 3485 428 3557 supererat,
452 3485 511 3536 tres
537 3485 649 3557 patera
674 3493 773 3536 auree
798 3474 889 3537 factae
914 3475 995 3538 sint:
1018 3495 1104 3555 ques,
1127 3495 1199 3538 cum

153 3560 246 3623 titulo
270 3560 402 3622 nominis
418 3559 551 3637 Camilli,
568 3561 593 3599 ¹⁸
605 3572 676 3622 ante
697 3558 884 3643 Capitolium
915 3562 1070 3623 incensum
1094 3562 1126 3623 in
1140 3560 1198 3624 Jo-

152 3645 197 3707 vis
212 3646 290 3710 cella
304 3659 427 3710 constat
441 3659 512 3709 autc
524 3647 618 3730 pedes
628 3645 759 3708 Junonis
781 3649 898 3730 positas
912 3649 1012 3710 firisse.
1055 3645 1102 3710 Eo
1117 3669 1200 3711 anno

151 3732 186 3793 in
213 3733 368 3795 civitatem
403 3734 533 3818 accepti,
571 3733 621 3815 qui
659 3730 835 3796 Veientium
866 3733 1129 3819 Capenatiumque
1162 3755 1199 3796 ac

153 3817 340 3883 Faliscorum
361 3841 416 3903 per
439 3841 476 3882 ea
497 3819 581 3883 bella
603 3819 828 3902 transfugerant
858 3821 898 3882 ad
921 3819 1090 3897 Romanos,
1113 3841 1202 3900 ager·

155 3928 214 3990 que
236 3908 272 3969 iis
295 3906 382 3969 novis
406 3908 520 3968 civibus
545 3907 740 3988 adsignatus.¹
757 3911 782 3947 ¹⁹
795 3909 931 3970 reuocati
952 3927 1072 3989 quoque
1098 3906 1129 3967 in
1149 3927 1201 3966 ur-

152 3996 223 4058 bem
241 3993 506 4057 senatusconsulto
523 3991 652 4071 aVeiis,
668 3995 720 4075 qui
743 3994 914 4056 edificandi
938 3992 1045 4056 Romae
1065 3990 1202 4074 pigritia,

186 4141 422 4205 ll'lnqrealtimo]
439 4143 504 4191 'l'urn
518 4157 588 4206 mum
609 4157 660 4206 spes
726 4144 747 4182 ¹⁹
771 4141 876 4193 Beooeots'
894 4160 968 4192 ...a
989 4140 1056 4202 Veiis,
1083 4142 1122 4202 qni

151 4207 478 4258 ultimeeist'ueretiurrrois
491 4220 517 4258 et
535 4210 660 4258 certamine
694 4207 755 4256 Veios
776 4225 798 4257 se
818 4206 969 4270 contabuerat]
996 4205 1071 4254 Recte
1096 4206 1203 4256 observat

154 4274 209 4321 sita.
692 4271 825 4322 Gronovius
844 4286 1039 4336 supervacaneum
1061 4285 1110 4320 esse
1135 4269 1165 4318 rb
1187 4290 1203 4320 a

189 4338 210 4372 ¹⁸
225 4338 283 4386 Ante
304 4339 437 4400 (ἶαρίιοῦιιτη
457 4338 581 4401 insenum]
607 4337 659 4401 syl·
696 4337 760 4388 Veiis.
804 4337 835 4385 Et
861 4353 917 4386 vero
939 4337 1020 4385 barum
1042 4337 1137 4384 duarum
1161 4351 1203 4384 vo·

152 4401 211 4452 lanis
231 4404 381 4466 temporibus,
398 4405 428 4454 t.
449 4403 558 4452 Cornelio
575 4403 661 4469 Scipio·
694 4417 749 4450 oum
770 4402 822 4452 loco
840 4399 973 4452 Victorinus
990 4401 1061 4451 codex
1081 4401 1151 4450 bibet
1169 4403 1204 4451 ci·

152 4478 227 4584 qq9et
245 4467 275 4516 C.
292 4469 401 4518 Norbano
417 4470 482 4521 Coss·
492 4484 554 4519 sono
564 4469 591 4516 ab
603 4485 628 4519 u.
638 4483 661 4519 c.
693 4483 736 4516 ves·

195 4619 272 4670 VOL·
294 4621 318 4668 1.
718 4618 772 4664 AB
