3175 5200
533 360 879 423 mantuelem
1045 380 1050 387 ·
1170 367 1235 423 161.

192 511 312 597 agmine
329 507 500 573 &manem
525 510 630 573 urbem
658 508 840 592 petentibus,
862 526 918 569 nec
941 522 1029 589 opem
1055 504 1148 568 ullam
1169 508 1227 570 ob·
1240 532 1371 586 um,

189 601 277 663 sessis
305 597 394 660 sociis
421 596 541 677 ferrent,
578 594 740 678 conjuncto
764 592 898 658 exercitu
925 590 1056 655 Romam
1085 599 1372 677 pergunnacmtl.

192 684 255 751 Ubi
279 703 370 769 quum
393 686 495 747 hostes
520 704 582 745 non
602 684 794 761 invenissent,
818 680 913 743 secuti
936 680 1047 743 famam
1073 702 1109 743 ac
1133 681 1224 744 vesti·

95 799 99 813 ·
190 775 252 855 gia,
281 770 361 849 obvii
386 770 462 835 fiunt
488 769 737 833 descendentibus
765 769 804 830 ab
822 765 996 829 'lbsculano
1021 767 1052 828 in
1072 766 1223 831 Albanam
1237 782 1392 833 latomia·

190 859 308 924 vallem.
328 859 370 921 ibi
393 856 625 940 haudquaquam
645 876 731 937 sequo
751 855 860 937 proelio
880 866 1049 936 pugnatum
1063 866 1119 932 est,
1134 852 1224 917 lides-
1236 862 1301 900 “¹¹¹1-

192 968 250 1029 que
273 968 327 1010 sua
345 945 434 1007 sociis
456 964 562 1026 parum
584 942 658 1004 felix
682 940 712 1000 in
736 940 895 1021 praesentia
908 940 976 1002 fuit.
1019 937 1112 1003 Haud
1126 936 1225 1006 minor

190 1032 298 1096 Romae
322 1032 357 1095 fit
379 1030 485 1093 morbo
507 1041 632 1111 strages,
651 1046 742 1107 quam
758 1037 871 1107 quanta
886 1025 964 1088 ferro
978 1027 1128 1089 sociomm
1143 1027 1226 1092 sacta
1286 1068 1289 1073 -

190 1132 265 1183 erat.
286 1118 401 1195 consul,
421 1116 472 1199 qui
489 1135 564 1177 unus
585 1122 748 1198 supererat,
766 1111 904 1173 moritur.
920 1114 1030 1175 mortui
1045 1125 1077 1175 et
1090 1112 1141 1176 alii
1153 1115 1226 1178 clari
1255 1137 1257 1142 ·

191 1206 257 1284 viri,
281 1203 328 1269 M.
338 1202 488 1281 Valerius,
509 1200 548 1265 T.
562 1198 714 1283 Virginius
738 1196 870 1275 Rutilus,
900 1216 1045 1278 augures;
1068 1198 1133 1262 Ser.
1157 1198 1228 1263 Sul.

191 1294 298 1377 picius,
313 1294 340 1331 ²⁸
349 1290 433 1353 curio
448 1289 607 1351 maximus.
623 1299 654 1348 et
663 1306 717 1368 per
731 1284 838 1365 ignota
851 1283 954 1366 capita
968 1283 1030 1347 late
1044 1299 1173 1367 evagata
1181 1301 1228 1351 est

191 1380 235 1441 vis
249 1377 366 1443 morbi:
390 1377 535 1459 inopsque
549 1384 670 1436 senatus
685 1370 788 1433 anxilii
803 1370 939 1448 humani,
963 1369 1002 1432 ad
1025 1369 1109 1434 Deos
1129 1394 1227 1457 popu-

192 1467 255 1529 lum
282 1486 317 1527 ac
340 1474 412 1526 vota
436 1463 536 1525 vertit.
553 1460 628 1543 jussi
653 1478 722 1521 cum
743 1456 920 1539 conjugibus
936 1478 971 1518 ac
990 1456 1091 1519 liberis
1114 1462 1228 1543 suppli-

192 1564 294 1615 catum
320 1551 372 1629 ire,
398 1569 563 1634 pacemque
586 1566 748 1630 exposcere
772 1542 883 1615 Deum.
924 1543 975 1605 Ad
1000 1543 1042 1620 id,
1071 1545 1152 1625 quod
1174 1568 1231 1609 sua
1333 1608 1337 1614 ,

193 1659 341 1723 quemque
364 1634 445 1699 mala
464 1635 626 1717 cogebant,
649 1632 831 1695 auctoritate
845 1628 967 1715 publica
981 1630 1107 1709 evocati,
1126 1632 1229 1695 omnia

192 1725 315 1788 delubra
330 1723 457 1805 inplent.
472 1734 572 1785 strate
594 1720 707 1804 passim
733 1730 856 1796 matres,
878 1716 1009 1779 crinibus
1032 1718 1147 1801 templa
1162 1739 1228 1781 ver-

194 1825 305 1888 rentes,
318 1810 438 1873 veniam
450 1810 560 1871 irarum
572 1806 750 1883 coelestium,
766 1804 915 1885 finemque
930 1804 1008 1888 pesti
1020 1818 1198 1887 exposcunt.

235 1894 322 1965 Vlll.
345 1895 419 1959 Inde
438 1894 606 1980 paullatim,
628 1913 680 1955 seu
704 1912 780 1975 pace
801 1890 901 1953 Deum
916 1891 1076 1975 inpetrata,
1090 1913 1143 1953 seu
1157 1914 1226 1974 gra·

192 1987 274 2047 viore
296 1996 432 2067 tempore
455 1983 525 2044 anni
547 1980 614 2063 jam
637 1980 833 2056 circumacto,
856 1977 1000 2043 destructa
1025 1978 1138 2041 morbis
1159 1999 1228 2041 cor-

193 2094 269 2155 pora
282 2071 447 2135 salubriora
461 2090 525 2131 esse
541 2067 692 2150 incipere:
715 2065 865 2147 versisque
887 2065 995 2129 animis
1010 2063 1076 2147 jam
1098 2066 1137 2127 ad
1171 2066 1228 2127 ub·

193 2158 283 2220 boam
308 2178 422 2237 curam,
448 2176 538 2238 quum
562 2154 677 2236 aliquot
698 2155 725 2193 ¹⁹
737 2152 908 2234 interregna
921 2152 1065 2231 exissent,
1088 2149 1123 2215 P.
1167 2152 1230 2215 ale·

195 2245 255 2307 rius
270 2242 425 2307 Publicola
439 2241 529 2305 tertio
544 2241 611 2319 dies
620 2260 711 2323 qnam
734 2240 939 2321 interregnum
960 2237 1079 2315 inierat,
1094 2238 1230 2301 consides
1243 2254 1276 2308 u.
1287 2255 1317 2307 c.
1328 2258 1385 2309 ene.

194 2336 278 2393 creat
293 2328 330 2394 L.
341 2328 514 2393 Lucretium
528 2326 742 2411 Tricipitinum
767 2337 800 2388 et
819 2322 859 2387 Τ.
873 2322 1032 2387 Veturium
1047 2322 1229 2404 Geminum
1242 2323 1274 2372 lt
1285 2322 1314 2371 ⁰·
1324 2323 1380 2401 ⁴⁶2·

195 2416 256 2479 sive
283 2416 332 2479 ille
358 2413 500 2478 Vetusius
527 2414 595 2478 fuit.
637 2413 719 2477 Ante
745 2412 828 2476 diem
851 2411 974 2475 tertium
1001 2409 1071 2473 Idus
1101 2409 1230 2475 Sextiles
1242 2388 1400 2503 ssssffl

196 2504 385 2567 consulatum
407 2504 522 2581 ineunt,
545 2500 610 2583 jam
628 2500 701 2563 satis
721 2494 977 2576 valida'civitate,
994 2508 1029 2560 ut
1050 2519 1111 2560 non
1133 2499 1232 2561 solum
1243 2518 1311 2568 coss.

195 2612 296 2656 arcere
310 2590 434 2669 bellurn,
445 2590 507 2666 ¹sed
520 2588 602 2651 ultro
624 2588 716 2650 etiam
732 2585 843 2648 inferre
856 2597 970 2668 posset.
1013 2582 1110 2666 Igitur
1123 2585 1231 2648 nunci-

195 2679 314 2742 antibus
333 2675 484 2754 Hernicis,
505 2675 537 2738 in
558 2675 632 2738 lines
651 2695 721 2736 suos
739 2671 962 2735 transcendisse
981 2671 1095 2750 hostes,
1106 2672 1232 2756 ,inpigre

194 2766 374 2847 promissum
391 2763 545 2826 auxilium.
569 2762 630 2825 duo
655 2760 826 2824 consulares
841 2759 990 2822 exercitus
1011 2759 1124 2841 scripti.
1168 2758 1231 2820 Ve-

195 2853 288 2914 turius
306 2852 413 2912 missus
430 2851 461 2914 in
475 2847 603 2912 Volscos
626 2849 665 2910 ad
687 2847 800 2910 bellum
820 2847 902 2909 ultro
919 2845 1117 2909 inferendum.
1159 2843 1322 2908 'Ibi-Volsci
1331 2867 1392 2920 pre·

194 2937 345 3020 cipitiuus3
367 2935 611 3022 populationibus
632 2933 941 2998 arcendissociorum
966 2953 1040 3015 agro
1063 2919 1321 3017 obpositam

195 3043 256 3086 non
285 3024 376 3101 rdtra,
405 3043 495 3104 quam
521 3023 553 3084 in
583 3020 744 3100 Hemicos‚
773 3020 921 3102 procedit.
963 3016 1106 3082 Veturius
1133 3021 1233 3104 primo

195 3108 302 3190 proelio
331 3109 434 3170 hostes
452 3107 565 3170 ·fundit
586 3107 739 3189 fugatque.
788 3103 973 3183 Lucretium,
999 3105 1072 3168 dum
1098 3107 1129 3168 in
1152 3104 1234 3168 Her·

114 3200 120 3209 '
197 3193 272 3256 nicia
282 3193 378 3270 sedet,
392 3192 566 3275 predonum
580 3213 689 3273 agmen
709 3192 827 3268 fefellit,
850 3211 941 3274 supra
961 3203 1079 3252 montes
1102 3189 1235 3254 Praenes-

197 3280 277 3342 tinos
294 3278 429 3356 ductum,
445 3277 515 3338 inde
530 3281 557 3316 ⁸⁰
567 3276 730 3340 demissum
744 3278 776 3339 in
791 3297 926 3359 campos.
971 3273 1136 3340 Vastavere
1147 3299 1237 3360 agros

198 3365 415 3428 Pranestinum
434 3361 668 3444 Gabinumque:
692 3383 731 3424 ex
745 3359 866 3424 Gabino
891 3363 923 3422 in
941 3359 1129 3426 'Ibsculanos
1143 3364 1237 3427 llexe·

198 3473 229 3516 re
252 3452 353 3514 colles.
375 3450 441 3513 urbi
457 3469 576 3530 quoque
599 3447 703 3514 Romae
728 3448 837 3530 ingens
857 3449 998 3531 praebitus
1012 3462 1120 3531 terror,
1134 3455 1159 3490 ⁸¹
1171 3473 1240 3514 ma·

199 3537 245 3621 gis
264 3539 295 3601 in
316 3560 349 3600 re
368 3537 478 3615 subita,
490 3555 580 3617 quarn
592 3535 673 3616 quod
688 3533 728 3598 ad
746 3534 908 3599 arcendam
928 3537 989 3600 vim
1009 3558 1116 3622 purum
1130 3539 1239 3602 virium

227 3714 248 3752 a
266 3713 335 3762 curo
359 3709 475 3774 amm]
504 3708 637 3773 uatesque
659 3709 701 3758 m.
733 3707 901 3767 unumne,
917 3721 942 3759 ιι
955 3686 1078 3774 passm
1093 3711 1241 3774 nem

78 3809 81 3816 ·
196 3779 259 3841 ginta
276 3779 400 3839 curiarum,
418 3777 443 3826 in
462 3791 517 3841 quaa
534 3773 627 3824 divisam
644 3773 701 3824 fuu-
732 3777 799 3836 cujus
815 3774 935 3837 imperium
952 3777 1052 3839 quinquo
1067 3775 1147 3826 diebus
1161 3779 1241 3827 linbo-

196 3861 222 3895 ιο
242 3845 323 3895 urbem
344 3844 442 3893 vidimus
467 3857 534 3906 supra
553 3857 570 3892 r.
583 3843 622 3892 1³.
646 3855 702 3890 rcus
732 3851 786 3890 tur:
806 3855 852 3904 quo
867 3838 944 3903 elapso
960 3853 1072 3906 tempora,
1087 3842 1144 3890 aba·
1158 3843 1241 3907 prodo-

197 3911 241 3960 tuit
258 3910 332 3966 eurio,
347 3908 386 3972 qui
405 3924 455 3958 reor
477 3907 576 3956 divinam
595 3921 636 3970 pro
655 3905 703 3956 ruia
733 3905 923 3967 baturioterrex,
940 3915 966 3954 at
982 3906 1015 3954 sic
1033 3907 1149 3972 (lainam,
1167 3908 1242 3958 donae

157 4013 161 4018 .
197 3976 318 4026 curialibus
337 3975 431 4024 bearet.
470 3972 609 4022 Curionibus
629 3972 704 4022 omni·
733 3969 1012 4024 “aemulatorem

198 4043 241 4092 bus
256 4043 384 4091 orodmtor
401 4038 491 4104 qnidam
510 4038 629 4102 impositus
645 4049 703 4101 erut,
765 4037 789 4072 ³⁰
805 4034 1068 4102 Decimium]
1084 4036 1149 4085 Olim
1166 4038 1243 4088 dinis-

198 4107 262 4158 ctrrio
280 4107 407 4166 maximum
431 4104 582 4169 quiquidem
605 4102 704 4154 comitiis
734 4118 789 4152 rum·
823 4101 1243 4167 &communionemque

199 4173 291 4224 coriatis
303 4173 429 4222 moberur.
735 4170 845 4217 ‹liantm
854 4169 1025 4231 prom,
1040 4169 1125 4232 digredi
1140 4184 1182 4233 pro
1199 4172 1242 4218 de.

230 4238 253 4275 ὕ
268 4237 410 4302 lstmsgm]
429 4235 557 4300 loterreqni
566 4237 629 4298 origo
639 4249 706 4300 supra
734 4235 809 4299 gredi.
823 4245 848 4282 et
857 4233 900 4281 rl'n
915 4233 1021 4296 quadarn
1037 4231 1166 4295 hujumodi
1177 4251 1243 4299 rapa

201 4315 325 4352 memorata
341 4314 376 4352 est
396 4301 493 4362 alicio,
508 4303 635 4354 1.r.e.1e.
653 4311 704 4364 post
737 4299 765 4346 ab
781 4297 1148 4350 iadoet'u'librariisioculcsntur.
1180 4301 1240 4350 Mu·

202 4365 295 4416 Romuli
314 4380 421 4419 mortam.
458 4368 490 4418 Et
509 4383 557 4428 rer,
574 4379 599 4418 et
618 4381 704 4415 nomen
734 4363 791 4412 tavit
802 4361 1053 4413 boeloeoGroooriur.

202 4427 704 4568 oc...
734 4427 926 4550 nen
941 4445 965 4480 .
980 4429 1063 4498 u
1083 4429 1169 4496 u·
1186 4429 1241 4497 .·.

246 4583 321 4636 vua.
335 4585 358 4636 1.
781 4583 810 4630 M
