3175 5200
519 354 596 417 Lru.
607 356 649 419 llr
666 357 752 433 CAR·
763 356 841 419 bvi.
1156 368 1213 445 λῳ

167 510 282 593 ilibus,
298 522 329 576 st
344 530 396 575 eos
411 510 493 595 ipsos
508 512 605 596 plebis
613 512 763 579 homines.
800 510 887 591 Nihil
902 515 1096 596 contentius,
1111 532 1211 599 nequa
1225 543 1258 597 u.
1268 536 1298 598 e,
1310 528 1375 609 ᾗχι·

167 598 178 633 ‘
193 598 349 678 infirmius,
362 599 387 662 si
403 599 464 663 sint
481 600 532 682 qui
545 613 755 665 contemnant.
799 597 864 663 Sibi
880 619 1030 684 quemque
1050 618 1212 687 sansagus
1223 614 1257 663 A.-
1267 586 1377 669 untri-

167 686 286 769 ‘atque
305 686 458 749 horrenda
470 686 590 751 facere!
635 684 693 749 llis
711 687 835 753 vocibus
855 687 907 750 alii
921 688 996 754 alios
1017 710 1109 772 quum
1132 691 1210 761 inci·⁸

166 783 294 853 tassent,
324 774 363 837 ad
377 770 563 837 Voleronem
578 774 751 853 Publilium,
776 775 815 837 de
830 774 919 856 plebe
935 775 1101 856 hominem,
1124 779 1209 859 qnia,
1220 800 1343 854 volema

167 861 250 941 quod
276 861 420 923 ⁰ordines
447 861 592 940 duxisset,
619 874 745 943 negaret
777 883 810 925 se
839 861 969 925 militem
1000 862 1063 926 lieri
1088 864 1320 945 debere-udan·

166 946 254 1009 lictor
279 948 386 1010 missus
412 958 460 1011 est
482 970 502 1011 a
526 948 711 1012 consulibus.
763 946 878 1011 Volero
902 948 1040 1031 adpellst
1063 950 1209 1019 tribunos.

165 1032 267 1103 Quum
293 1035 407 1097 auxilio
432 1056 523 1097 nemo
550 1047 640 1114 esset,
669 1036 808 1097 consules
834 1034 959 1118 spoliari
986 1036 1154 1114 bominem,
1178 1050 1210 1102 et
1351 1066 1374 1083 ..

164 1119 264 1201 virgas
279 1120 416 1204 expediri
427 1119 548 1203 jubent:
571 1120 748 1201 ‘Provoca’
764 1122 874 1203 inquit,
888 1120 1129 1204 ‘adpopuluur,’
1144 1120 1209 1187 Vo·
1324 1162 1328 1171 ·
1368 1168 1374 1177 -

163 1206 243 1285 ler03
257 1206 419 1289 ‘qnoniam
428 1208 541 1271 tribuni
553 1208 831 1276 civemRomsnum
839 1209 871 1269 in
881 1221 1045 1290 conspeetu
1055 1229 1110 1273 suo
1119 1210 1210 1290 uirgis
1308 1262 1313 1271 .
1359 1265 1366 1286 .,

164 1291 265 1355 ‘cedi
276 1294 406 1372 malunt,
425 1314 518 1375 quam
533 1295 589 1377 ipsi
602 1295 634 1358 in
649 1295 729 1359 lecto
739 1316 795 1357 suo
817 1317 836 1355 a
855 1295 942 1357 uobis
958 1294 1124 1359 trucidari'
1149 1316 1211 1377 que
1327 1366 1330 1373 ,
1368 1346 1372 1363 ,

163 1378 294 1441 ferocius
317 1380 506 1459 clamitabat,
532 1402 569 1443 eo
592 1382 730 1445 infestius
745 1380 998 1445 circumducere
1024 1393 1056 1445 et
1079 1381 1209 1464 spoliare
1262 1411 1266 1426 ·
1289 1405 1291 1408 ·

163 1464 262 1529 lictor.
316 1463 398 1529 Turn
424 1464 548 1544 Volero,
577 1480 609 1531 et
638 1468 802 1551 prevalens
830 1468 907 1550 ipse,
930 1480 970 1531 et
998 1466 1209 1550 adjuvantibus
1306 1475 1322 1501 ·’

164 1552 368 1633 ¹⁰advocstis,
395 1554 514 1635 repulso
533 1554 648 1633 lictore,
675 1556 726 1617 ubi
750 1554 977 1635 indignantium
998 1574 1055 1636 pro
1076 1574 1109 1617 re
1123 1573 1208 1619 acer·
1290 1584 1293 1589 ·
1366 1583 1371 1591 ·

161 1638 256 1700 rimus
272 1652 338 1701 erat
352 1640 477 1718 clamor,
504 1662 541 1701 co
562 1662 594 1703 se
617 1642 648 1703 in
669 1642 791 1703 turbem
813 1638 1068 1703 confertissimam
1090 1641 1208 1724 recipit,
1364 1658 1368 1668 ’

162 1724 333 1802 clamitans,
348 1724 513 1803 ‘Provoca
529 1737 561 1787 et
570 1726 663 1789 fidem
672 1727 769 1809 plebis
780 1726 912 1807 inploro.
923 1724 1028 1788 adeste
1040 1724 1135 1789 ciresl
1153 1728 1208 1791 sd-
1366 1797 1371 1812 ,

161 1809 251 1872 ‘este
261 1808 506 1873 commilitones!
523 1810 597 1873 nihil
614 1824 671 1889 est,
683 1812 763 1893 quod
776 1810 958 1892 exspectetis
969 1809 1117 1890 tribunos,
1140 1814 1207 1895 orris
1270 1813 1275 1823 “
1365 1822 1371 1841 “

162 1896 242 1958 ‘bus
251 1896 324 1978 ipsis
334 1908 437 1959 vestro
447 1896 561 1959 auxilio
576 1916 652 1978 opus
662 1894 729 1959 est.'
775 1894 931 1958 Concitati
950 1896 1100 1976 homines,
1115 1900 1206 1968 veluti

159 1983 201 2042 sd
216 1982 366 2065 proelium,
380 2002 414 2045 se
427 1982 613 2066 expediunt:
641 1982 879 2065 adparebatque,
903 1985 926 2021 ¹¹
937 2004 1030 2047 omne
1044 1983 1207 2055 morinen

158 2069 288 2147 adesse3
314 2068 392 2130 nihil
407 2070 548 2151 cuiquam
571 2080 722 2147 sanctum,
748 2089 811 2131 non
829 2069 944 2152 publici
967 2070 1043 2147 fore,
1066 2090 1130 2135 non
1144 2072 1208 2154 pri·

158 2156 221 2217 uati
245 2153 331 2236 juris.
387 2153 467 2217 Huic
494 2166 587 2217 tante
609 2156 785 2238 tempestati
811 2176 905 2237 quum
929 2176 963 2219 se
986 2157 1125 2219 consules
1150 2159 1207 2223 obv

159 2241 312 2317 tulissent,
335 2240 426 2303 facile
448 2242 565 2323 experti
588 2254 669 2319 sunt,
693 2246 800 2323 parum
820 2252 921 2304 tutam
935 2241 1128 2325 majestatem
1142 2244 1208 2309 sine

160 2326 270 2388 viribus
296 2346 372 2389 esse.
398 2327 517 2389 uiolatis
544 2328 710 2407 lictoribus,
741 2328 872 2391 fascibus
896 2328 1012 2408 fractis,
1039 2351 1057 2391 e
1082 2330 1150 2393 loro
1176 2330 1207 2398 ie

159 2414 275 2475 curiam
306 2412 547 2497 compelluntur3
582 2414 702 2493 incerti,
737 2424 884 2496 quatenus
910 2412 1023 2478 Volero
1053 2426 1208 2479 exerceret

157 2497 327 2562 victoriam.
372 2499 604 2563 conticescente
630 2501 741 2563 deinde
764 2502 907 2563 tumultu.
932 2520 1025 2581 quum
1051 2501 1083 2564 in
1115 2514 1205 2564 sena·-

158 2597 225 2649 tum
248 2586 351 2650 vocari
372 2583 543 2668 jussissent,
578 2598 740 2670 queruntur
766 2586 890 2670 injurias
910 2606 990 2667 neas,
1012 2589 1075 2650 uim
1098 2586 1205 2670 plebis,

156 2671 317 2736 Voleronis
342 2671 511 2736 audaciam.
554 2673 664 2737 Multis
686 2675 826 2738 brociter
849 2674 939 2738 dictis
963 2673 1133 2760 sententiis,
1158 2675 1204 2736 vi*

157 2781 225 2821 cere
239 2760 383 2838 seniores,
405 2761 523 2842 quibus,
547 2760 592 2823 ira
607 2760 729 2834 Petrum
752 2761 893 2844 adversus
915 2761 1120 2825 temeritatem
1138 2760 1205 2843 ple·

157 2847 203 2908 bis
217 2847 337 2925 certari,
352 2867 414 2909 non
431 2848 556 2929 placuit.

199 2931 280 2996 bVl.
301 2931 485 2997 Voleronem
516 2935 657 3018 amplexa
683 2935 785 3000 favore
816 2937 901 3020 plebs
930 2935 1077 3018 proximis
1107 2933 1203 2998 corni·
1216 2946 1318 3002 rison.

156 3019 208 3082 tiis
223 3020 376 3082 tribunum
391 3019 498 3102 plebil’
520 3031 605 3082 creat
627 3022 658 3083 in
680 3043 750 3084 eum
766 3043 891 3101 annum,
918 3022 968 3104 qui
990 3019 1026 3083 1..
1038 3019 1203 3100 Pinarium,
1213 3012 1293 3124 ii‘bss'

153 3101 191 3166 P.
206 3103 328 3166 Furium
351 3107 488 3167 consules
515 3105 631 3169 babuit.
661 3119 827 3189 contraque
856 3107 993 3170 omnium
1016 3106 1203 3188 opinionem,
1217 3085 1357 3195 ,20:33¹

154 3189 208 3272 qui
236 3209 305 3251 eum
334 3191 479 3252 vexandis
508 3191 615 3272 prioris
645 3193 716 3254 anni
747 3194 920 3254 consulibus
950 3196 976 3230 ¹¹
991 3192 1204 3273 permissurum
1215 3203 1246 3252 1..
1258 3205 1359 3276 nnus,

157 3277 345 3340 tribunatum
369 3275 544 3352 credebant,
570 3286 639 3360 post
662 3278 816 3359 publicam
843 3294 979 3338 caussam
1003 3277 1121 3358 privato
1148 3277 1204 3337 do*
1215 3267 1324 3382 2:¹¹¹„

157 3363 221 3426 lore
248 3361 365 3440 habito,
391 3383 428 3423 ne
454 3361 545 3422 verbo
572 3361 697 3442 quidem·
717 3362 838 3425 violatis
861 3361 1044 3442 consulibus,
1069 3361 1203 3444 rogatio7
1214 3371 1352 3455 mm

156 3469 226 3512 nesn
252 3447 324 3510 tulit
348 3447 388 3509 ad
414 3447 570 3532 populum,
596 3459 631 3510 ut
654 3449 765 3531 plebeii
788 3449 984 3533 magistratum
1004 3449 1124 3512 tributis
1149 3470 1202 3512 co-
1211 3461 1251 3516 lis.

155 3535 250 3600 mitiis
265 3535 381 3598 fierent.
428 3537 453 3574 ¹³
463 3531 556 3598 Haud
572 3553 666 3618 parva
680 3557 726 3598 res
741 3535 797 3598 sub
812 3535 902 3599 tinulo
917 3535 1016 3620 prima
1028 3535 1129 3621 specie
1143 3536 1201 3598 mi·

560 3676 572 3712 l
578 3677 647 3741 ploitt
658 3679 726 3730 em.
737 3679 811 3729 Doer.

184 3777 223 3816 ⁹¹
239 3776 332 3828 Ordines
352 3775 456 3842 ὠιτὶαιι]
476 3775 588 3827 Centurio
604 3776 662 3828 fuis·
729 3778 750 3814 ¹²
766 3776 927 3827 emmam
950 3774 1100 3839 tribuatur]
1121 3773 1196 3836 Meta,

152 3853 197 3892 ser.
227 3841 596 3908 transcendendum.
692 3843 765 3908 phora
785 3853 876 3907 rnnpn
894 3842 922 3890 sb
947 3840 992 3891 illis
1014 3842 1053 3905 qui
1076 3840 1200 3902 pruritum

188 3906 381 3973 lt'Artwsuu]
406 3909 439 3958 lis
457 3909 496 3974 qui
517 3925 591 3958 eausa
608 3907 659 3975 ejus
691 3925 772 3972 coeam
792 3908 910 3967 dicuutur,
924 3908 970 3956 boc
988 3919 1034 3967 esc,
1052 3904 1158 3962 incitare.
1173 3912 1199 3963 et

150 3969 230 4021 firm
241 3987 267 4021 se
276 3975 449 4040 pruiscbcntur,
467 3985 494 4024 et
510 3973 533 4024 ei
550 3977 609 4038 apud
619 3992 659 4040 po·
691 3975 714 4024 ei
724 3977 803 4024 frenes
813 3975 938 4024 immittere
948 3973 977 4020 sd
986 3973 1084 4029 liberum
1096 3983 1198 4020 cursum·

149 4037 242 4101 ¹pulum,
252 4039 281 4086 sd
292 4055 361 4102 quern
371 4041 516 4105 prmocabcr,
526 4041 650 4090 adiuturos.
691 4039 734 4090 Est
743 4041 814 4102 igitur
826 4041 985 4104 pernionum
995 4036 1133 4084 tribunatum
1145 4049 1197 4082 uec·

188 4101 660 4167 rvmmueumtrmwasn
689 4099 1045 4163 summutantur
1063 4097 1198 4150 emma,

151 4167 178 4214 lu
198 4167 319 4219 {enimn
335 4183 361 4221 st
379 4169 404 4220 in
424 4171 658 4236 penculuncvomris
690 4171 947 4236 turumffoteuseoiu
1003 4164 1197 4221 usuumruursd

153 4243 197 4279 w
217 4247 357 4299 querumrsm
385 4238 544 4294 reveritnruur,
571 4247 612 4286 sut
632 4252 659 4288 es
690 4237 804 4285 vexandos
813 4234 926 4284 consules.
968 4241 1110 4283 conones.
1186 4282 1191 4290 ,

153 4299 659 4366 Ψγυῦἰωῇπιηησιιιωιψιειῑομι,
725 4301 744 4336 ¹³
761 4300 834 4350 Haud
852 4316 922 4362 parus
939 4294 986 4358 res]
1013 4295 1072 4344 blec
1093 4309 1140 4346 noc
1160 4293 1198 4342 r‘a·

149 4371 294 4432 pamm
308 4365 545 4446 amcamsaeprlnts
557 4368 658 4418 neceni·
689 4361 734 4416 ciis
754 4365 870 4416 connlisri
886 4379 951 4430 porus
971 4360 1078 4412 ridentur
1100 4359 1198 4435 οιιωζι

148 4425 234 4498 tudine
254 4445 306 4482 ears
332 4441 398 4494 sunt,
422 4433 554 4500 andrum,
575 4449 659 4498 cqua-
690 4431 821 4494 ‹naiufra
837 4431 867 4485 sle
884 4433 928 4483 bre
945 4424 1197 4484 eadsmrehsbethr

147 4491 249 4545 eura
504 4549 509 4560 ,
565 4545 570 4562 ,
642 4553 650 4560 ,,
689 4496 740 4551 uu
757 4496 782 4550 u
802 4496 890 4553 aare.
911 4495 955 4558 no.
971 4478 1199 4570 carmentet
