3175 5200
29 896 35 926 ²
161 895 211 956 rel
226 897 358 957 militum
372 915 493 977 genere,
517 895 564 956 vel
586 893 782 957 multimdine
798 894 989 954 auxiliorum.
1033 891 1209 956 Censebana
1221 879 1318 944 lim

494 371 914 461 mmmm'
1151 407 1210 461 m

161 549 354 616 obserentem
368 573 420 616 sa:
446 549 594 615 Rotnanis
605 552 699 614 rnulti
713 544 852 627 hdssent,
869 549 1058 628 Alexandro,
1077 550 1126 612 vel
1140 550 1208 632 glo·
1221 559 1255 616 a.
1266 565 1297 616 c.
1306 566 1368 620 ⁴³52

162 639 219 716 ria,
241 639 290 700 rel
314 656 414 700 remum
436 639 656 720 magnitudine,
684 657 791 718 pascar
819 638 983 716 ⁰⁸quorum
1005 649 1061 698 suu
1077 638 1209 718 quisque
1220 631 1293 682 M·
1304 633 1364 682 ³¹⁷·

134 798 136 804 Ι
161 723 238 802 lato,
254 725 319 786 sine
334 725 457 808 publico
473 724 656 802 discrimine,
670 724 784 784 vireret
799 733 1036 803 moreremrque.

205 808 295 872 xlx.
317 810 436 886 Restat,
461 819 497 872 ut
522 811 616 894 copia
642 809 739 892 copiis
762 819 979 889 comparentur
998 806 1047 868 vel
1072 817 1209 887 numero,
1222 811 1322 862 eonem
1335 825 1378 863 ω·

1335 962 1340 972 ι

123 998 125 1004 ·
162 991 214 1042 tur
236 979 301 1062 ejus
327 981 425 1043 aetatis
453 981 554 1042 lustris
578 981 696 1042 ducena
717 980 933 1061 quinquagena
953 978 1051 1040 millia
1065 980 1211 1062 capitum.

25 1061 33 1077 '
163 1064 283 1147 ltaque,
307 1067 339 1128 in
354 1067 438 1128 omni
455 1066 627 1128 defectione
643 1066 792 1127 sociorum
810 1063 911 1126 latini
926 1063 1070 1142 nominis,
1093 1066 1211 1127 urbano

161 1171 260 1234 prope
276 1152 396 1214 delectu
419 1153 524 1214 decern
549 1152 757 1214 scribebantur
780 1151 925 1231 legiones.
949 1152 1087 1230 quaterni
1111 1151 1211 1230 quini-

185 1255 223 1298 ue
249 1237 399 1300 exercitus
424 1257 503 1319 sape
527 1257 581 1318 per
607 1257 660 1298 eos
683 1255 779 1297 annos
805 1237 835 1296 in
858 1235 990 1313 Etruria,
1016 1235 1047 1296 in
1069 1231 1211 1316 Umbria,

223 1323 260 1385 lis
286 1325 424 1384 hostibus
451 1323 614 1405 adjunctis,
642 1323 674 1383 in
690 1320 828 1400 Samnio,
853 1322 884 1382 in
909 1319 1040 1381 Lucanis
1065 1322 1213 1401 gerebant
1267 1387 1275 1403 ,

162 1408 289 1469 bellum.
333 1413 360 1450 ⁸⁹
369 1408 490 1470 Latium
513 1408 623 1470 deinde
637 1429 730 1469 omne
750 1427 820 1468 curn
831 1405 965 1482 Sabinis,
985 1419 1019 1467 et
1028 1403 1159 1483 Volscis,
1181 1412 1214 1468 et

163 1489 286 1574 AEcpris,
301 1506 334 1555 et
346 1495 430 1556 omni
447 1493 626 1576 Campania,
651 1503 686 1554 'et
706 1504 794 1574 parte
810 1489 946 1553 Umbria
966 1490 1166 1572 Etruriaeque,
1182 1501 1215 1552 ct

164 1577 350 1656 Picentibus,
369 1592 402 1642 ct
421 1578 543 1657 Marsis,
569 1577 772 1660 Pelignisque,
799 1597 836 1638 ac
852 1575 987 1638 Vestinis
1013 1589 1105 1656 atque
1128 1575 1216 1656 Apu

165 1663 215 1740 lis,
240 1663 444 1745 adjunctaque
469 1666 552 1726 omni
575 1682 629 1726 ora
649 1663 824 1725 Graecorum
851 1662 938 1722 inferi
953 1662 1046 1722 maris
1060 1660 1217 1721 a'lhuriiis
1338 1721 1346 1738 ‚

164 1747 331 1831 Neapolim
347 1762 379 1812 et
395 1749 519 1826 Cumas,
546 1750 664 1812 atinde
679 1749 775 1809 Antio
798 1760 889 1828 atque
904 1746 1001 1809 Ostiis
1023 1758 1111 1808 tenus
1127 1744 1218 1807 Sam·

165 1835 258 1912 nites,
285 1845 339 1895 aut
353 1836 452 1896 socios
467 1834 583 1896 validos
599 1834 758 1910 Romanis,
785 1845 837 1894 aut
860 1832 973 1894 fractos
988 1833 1069 1894 bello
1085 1834 1229 1893 iuvenis-a
1313 1899 1329 1911 ..

166 1931 215 1981 act
229 1921 341 1980 hostes.
376 1919 457 2001 lpse
481 1918 651 2000 trajecisset
672 1940 756 1981 marc
778 1940 848 1980 cum
870 1919 1021 1980 veteranis
1036 1916 1229 1978 Macedoni*-

166 2005 234 2081 διε,
250 2024 312 2065 ιιοιι
327 2006 396 2087 plus
410 2006 537 2085 triginta
551 2005 684 2066 millibus
706 2006 863 2066 hominum
888 2014 921 2064 et
942 2013 1072 2083 quatuor
1087 2000 1230 2063 millibus

168 2090 318 2170 equitum,
356 2092 491 2150 maxime
517 2089 742 2152 Thessalorum.
780 2089 841 2150 hoc
877 2090 958 2151 enisu
988 2088 1104 2149 roboris
1142 2097 1221 2149 erat.

168 2171 286 2251 Persas,
313 2172 416 2252 Indos,
441 2174 575 2256 aliasque
590 2176 614 2234 si
631 2173 821 2254 adjunxisset
834 2186 953 2255 gentes,
978 2173 1221 2255 inpedimentum

167 2258 277 2339 suajus,
305 2279 396 2339 quarn
424 2259 582 2337 auxilium,
605 2260 748 2321 traheret.
792 2260 895 2338 Adde,
920 2260 1002 2341 quod
1019 2259 1166 2320 Romanis
1180 2257 1222 2319 ad

166 2361 293 2406 manum
309 2345 393 2406 domi
410 2344 656 2426 supplementum
681 2357 781 2406 esset:
806 2345 995 2423 Alexandro,
1022 2344 1118 2425 (quod
1133 2356 1221 2424 posta

167 2449 206 2490 ca
220 2427 387 2492 Hannibali
404 2430 528 2510 accidit)
557 2427 657 2492 alieno
682 2431 714 2491 in
730 2451 804 2512 agro
818 2431 955 2514 bellanti,
980 2421 1131 2491 exercitus
1145 2439 1222 2490 con·

168 2515 328 2577 senuisset.
370 2516 477 2593 Arma,
493 2516 608 2598 clipeus
618 2517 829 2597 ”sarisaeque
844 2517 920 2594 illis3
937 2516 1078 2579 Romano
1089 2527 1225 2594 scutum,

166 2599 265 2682 majus
290 2602 410 2683 corpori
435 2615 658 2683 tegumentum,
684 2614 716 2665 ct
729 2606 754 2649 ⁷¹
766 2604 872 2685 pilum,
893 2604 977 2665 haud
991 2604 1105 2687 paullo,
1130 2619 1223 2685 quam

168 2685 268 2764 hasta,
284 2688 499 2751 vehementius·
517 2688 579 2749 ictu
600 2689 753 2769 missuque
777 2690 883 2752 telum.
928 2688 1080 2752 Statarius
1094 2700 1224 2771 uterque

164 2770 265 2847 miles,
281 2771 402 2834 ordines
418 2792 559 2835 serranss
586 2774 641 2835 sed
666 2775 719 2835 illa
742 2775 877 2857 phalanx
899 2775 1065 2856 inmobilis,
1087 2776 1229 2840 etunius

162 2857 301 2937 genesim
341 2857 485 2921 Romana
513 2860 594 2921 acies
623 2860 808 2940 distinctior,
832 2882 885 2923 ,εκ
914 2863 1051 2945 pluribus
1082 2865 1222 2944 partibas

165 2952 330 3002 constans:
362 2942 461 3005 facilis
491 2946 646 3025 partienti,
677 2966 868 3027 quacumque
897 2968 973 3030 opus
1003 2962 1093 3026 esset,
1122 2948 1232 3011 facilia>

164 3022 319 3106 jungenti.
362 3024 435 3089 Jam
459 3030 490 3091 in
513 3050 606 3111 opere
628 3031 696 3109 quis
718 3053 773 3113 par
789 3030 931 3094 Romano
952 3033 1060 3094 miles?
1089 3035 1157 3114 quis
1180 3036 1222 3099 ad

165 3110 360 3171 tolerandum
383 3112 518 3173 laborem
542 3114 673 3175 meliori
699 3114 771 3176 Uno
791 3118 902 3197 proelio
923 3119 1021 3181 victus
1035 3118 1229 3199 alaudes,

165 3194 250 3255 bello
264 3196 360 3256 rictus
376 3208 466 3258 essct.
511 3196 698 3276 Romanum,
727 3221 818 3281 quem
841 3202 1003 3282 Caudium,
1028 3226 1118 3285 quens
1135 3202 1229 3267 Can-⁴

164 3298 213 3378 nas
237 3300 300 3341 non
324 3280 490 3362 fregerunt,
517 3304 585 3364 quae
608 3284 747 3365 fregisset
772 3288 878 3349 aciesi
902 3286 958 3351 Na
984 3289 1148 3375 illesaepe,
1172 3298 1227 3357 ct-⁴

166 3365 255 3427 mmai
271 3366 376 3447 prima
385 3385 530 3449 prospere
545 3370 727 3448 evenissent,
749 3370 856 3434 Persas
870 3386 902 3435 et
919 3373 1011 3439 ludos
1026 3390 1059 3441 ct
1073 3378 1218 3446 inbellem

162 3448 271 3511 Asiam
296 3452 462 3533 quaesisset,
489 3464 520 3515 et
546 3474 614 3515 cum
637 3455 765 3519 reminis
789 3458 848 3520 sibi
872 3460 985 3525 bellum
1007 3463 1097 3528 fuisse
1121 3466 1217 3531 dixis·

162 3544 230 3596 eet:
258 3536 341 3616 quod
359 3534 444 3619 Epiri
469 3560 571 3620 regem
596 3540 817 3623 Alexandrum,
840 3548 998 3611 mortifero
1021 3552 1144 3617 vulnere
1169 3556 1217 3619 ic·

161 3630 243 3699 tum,
269 3620 382 3683 dixisse
403 3622 513 3701 ierunt,
536 3636 650 3688 sortem
677 3628 823 3692 bellorum
849 3634 881 3693 in
895 3633 971 3697 Asia
992 3648 1147 3718 gestorum
1174 3644 1217 3705 ab

161 3705 223 3767 hoc
247 3706 314 3789 ipso
344 3706 455 3789 jurene
481 3730 552 3772 curn
577 3732 632 3773 sua
657 3714 876 3780 edisserentem.
929 3718 1090 3803 liquidem,
1117 3746 1222 3807 quum·
1276 3756 1280 3766 ·

162 3810 218 3873 per
243 3810 339 3855 annos
364 3806 492 3875 quatuor
518 3808 550 3859 et
574 3798 681 3880 viginti
706 3802 805 3883 primo
825 3802 938 3866 Punico
961 3808 1042 3869 bello
1063 3810 1213 3875 classibus

162 3887 313 3939 certatum
337 3900 408 3941 curn
429 3879 529 3944 Poenis
553 3886 705 3966 recordor,
728 3888 780 3949 'rix
805 3897 926 3953 atatem
949 3890 1117 3957 Alexandri
1140 3899 1213 3961 sub·

193 3994 581 4071 “Qummaoqsaaasan
604 4008 672 4058 ssuc-
704 4012 766 4061 omni
795 4028 834 4062 ors
857 4013 1174 4069 Gracmumlalerirmis
1197 4038 1216 4072 0

159 4078 213 4115 rua
241 4068 396 4133 mannans
431 4070 473 4118 uss
500 4072 597 4133 vivens,
629 4074 671 4123 aas
702 4076 798 4126 mum
815 4079 845 4127 se
860 4079 1062 4143 ωιοιιιιροιω
1079 4086 1139 4133 ae

160 4142 304 4247 aaut
320 4198 670 4251 „s
702 4152 727 4191 ‘2
905 4145 1063 4258 :w
1077 4100 1216 4209 *Γ*

158 4254 233 4321 tirct;
254 4262 288 4339 its
307 4276 342 4343 ut,
352 4261 469 4315 viveretur
486 4216 526 4315 illi
546 4281 576 4315 an
592 4269 670 4317 mcrsss
701 4222 1114 4343 Ὓέιῖἰιιᾝοὶιιὶηέωι,
1128 4275 1213 4331 Mm-

158 4328 670 4459 mpffipplwaffiffim
699 4335 940 4464 “diffie
961 4403 1015 4469 eja.
1033 4404 1211 4470 msa..

157 4452 242 4525 dsinds
260 4471 340 4506 omues
356 4474 410 4507 cum
429 4460 518 4511 Sabinis
534 4476 559 4513 cs
578 4462 670 4513 Volscis
699 4464 784 4517 ineos.
795 4466 982 4521 lassans.

156 4556 182 4580 ..
193 4520 418 4588 ..ιιςιιΑριιΙὶι,οι
425 4525 549 4594 Samnites,
558 4528 667 4595 adjuncta
