3175 5200
505 326 644 426 'mavi
666 358 873 424 merua.
1148 331 1209 425 sio
1280 399 1283 403 ι
1365 451 1372 478 1

165 520 257 585 ‘luas
269 518 391 603 quidem
407 519 545 603 ig'uorare
559 520 675 583 voluit?
698 520 856 583 numerate
869 516 988 595 saltem,
1002 524 1079 598 quot
1088 514 1203 599 ipsi'si·
1217 524 1292 577 uc.
1301 530 1360 583 ert.

167 607 178 639 ‘
193 608 243 686 tis,
258 619 334 689 quot
348 608 532 671 adversmos
548 607 695 671 habeatis.
711 604 745 669 Si
760 605 871 687 singuli
882 604 1016 685 singulos
1031 603 1202 685 adgressuri
1215 593 1248 641 Α·
1258 594 1287 675 ⁰:
1296 596 1355 647 ³⁸¹³

168 693 178 726 ‘
193 694 309 773 essetis,
324 708 427 758 umen
438 694 535 756 aerius
551 694 704 757 crederem
724 712 777 755 vos
792 712 847 773 pro
864 690 1016 766 libertate,
1029 710 1121 772 quam
1134 690 1203 753 illos
1216 676 1299 774 atrro:
1308 676 1348 754 'i'
1370 739 1374 747 .

168 780 250 861 ‘pro
271 781 490 859 dominatione,
511 791 688 843 certaturos.
733 778 850 849 ⁸²Quot
872 776 954 837 enim
975 775 1101 838 clientes
1124 777 1205 838 circa
1217 789 1310 840 Multi.

169 866 179 899 ‘
193 866 326 948 singulos
333 867 429 929 fuistis
436 878 588 950 patronos,
594 877 643 929 tot
650 886 730 928 nunc
736 866 975 927 adversusuuum
985 860 1105 923 hostem
1112 862 1207 924 eritis.

170 950 353 1015 ‘Ostendite
365 954 457 1015 modo
471 952 599 1029 bellum3
616 972 725 1035 pacem
740 950 900 1013 habebitis.
924 976 928 982 ·
944 945 1078 1008 Videant
1087 955 1208 1029 rospa-

169 1037 180 1070 ‘
194 1049 274 1100 ratos
286 1039 326 1101 ed
336 1039 414 1117 rim3
426 1038 477 1121 jus
489 1040 548 1122 ipsi
563 1040 731 1101 remittent.
761 1034 947 1099 Audendum
958 1044 1006 1095 est
1013 1030 1129 1113 aliquid
1139 1033 1209 1093 uni-

169 1123 180 1156 ‘
192 1125 294 1203 versis,
316 1137 370 1187 aut
384 1127 489 1187 omnia
508 1125 633 1207 singulis
649 1123 804 1207 patienda.
835 1122 1000 1202 Quousque
1013 1139 1064 1181 rae
1078 1119 1209 1181 circum·

168 1210 178 1243 ‘
192 1210 388 1293 spectabitis?
405 1211 473 1293 Ego
482 1210 605 1293 quidem
618 1210 692 1271 nulli
703 1219 838 1271 vestrum
849 1208 998 1269 deero.ne
1009 1204 1132 1267 fortuna
1141 1226 1211 1266 mea

170 1296 180 1329 ‘
195 1296 284 1373 desit,
298 1298 409 1359 videte.
433 1294 501 1380 Ipse
511 1297 624 1359 vindex
637 1307 745 1373 vester,
756 1295 808 1356 ubi
824 1294 921 1356 visum
933 1290 1064 1354 inimicis
1073 1302 1131 1369 est,
1140 1291 1210 1362 nul·

169 1382 180 1414 ‘
196 1384 243 1444 lus
250 1389 376 1465 repente
386 1382 445 1445 fui:
461 1394 494 1446 et
507 1382 624 1445 vidistis
636 1382 668 1445 in
678 1381 879 1444 vinculaduci
894 1377 1023 1441 universi
1035 1398 1116 1455 eum,
1128 1378 1179 1458 qui
1190 1398 1211 1438 a

170 1465 181 1499 ‘
192 1467 317 1549 singulis
327 1468 413 1531 vobis
423 1468 543 1531 vincula
555 1467 741 1550 depulerant.
777 1467 859 1538 Quid
867 1484 997 1547 sperem,
1006 1463 1032 1525 si
1041 1464 1109 1545 plus
1117 1464 1150 1525 in
1159 1484 1211 1526 rae

170 1552 181 1585 ‘
196 1554 330 1617 audeant
337 1554 471 1617 inimici?
484 1576 523 1618 an
534 1554 648 1617 exitum
655 1552 751 1615 Cassii
760 1550 915 1633 Maliique
920 1549 1114 1632 exspectem?
1125 1546 1211 1613 Bene

170 1639 305 1718 ‘facitis,
321 1641 403 1723 quod
417 1639 652 1703 abominamini:
675 1637 729 1701 Dii
741 1639 947 1721 prohibebunt
956 1637 1037 1699 hec:
1054 1635 1109 1697 sed
1119 1656 1210 1697 num-

171 1724 182 1757 ‘
197 1746 287 1807 quam
303 1738 427 1809 propter
442 1747 492 1789 me
507 1728 545 1789 de
559 1725 638 1789 coelo
652 1725 850 1787 descendent.
877 1721 972 1785 Vobis
981 1722 1055 1785 dent
1064 1733 1212 1801 mantem,

170 1810 181 1842 ‘
196 1821 327 1893 oportet,
346 1823 382 1874 ut
402 1812 605 1896 prohibeatis:
628 1811 707 1874 sicut
728 1811 804 1873 mihi
819 1810 969 1873 dederunt
987 1818 1107 1871 umato
1121 1820 1212 1890 toga-

168 1896 295 1978 ‘toque‚
310 1908 345 1961 ut
359 1917 412 1960 vos
425 1920 443 1960 a
454 1898 588 1961 barbaris
600 1897 747 1976 hostibus,
758 1920 777 1959 a
786 1897 922 1980 superbis
932 1895 1126 1958 defenderem
1137 1892 1212 1959 ciri·

170 1981 261 2045 ‘bus
282 1980 363 2045 Tam
378 2005 486 2066 parvus
499 1985 616 2047 animus
626 1985 702 2047 tenti
718 1983 824 2066 populi
840 1994 901 2070 est,
912 1984 979 2045 ”ut
992 2001 1113 2064 semper
1125 1982 1211 2049 robis

169 2066 180 2099 ‘
195 2068 342 2133 auxilium
358 2070 499 2133 adversus
514 2070 653 2131 inimicos
668 2070 742 2132 satis
758 2068 816 2131 sit?
843 2090 900 2131 nec
914 2068 1021 2146 ullum,
1035 2067 1093 2129 nisi
1103 2078 1214 2148 quate-

85 2168 87 2172 ’
170 2152 252 2215 ‘nus
267 2154 408 2237 imperari
423 2156 510 2217 vobis
524 2155 642 2234 sinatis,
652 2166 807 2218 certamen
817 2155 959 2217 adversus
969 2153 1073 2217 Patres
1084 2152 1212 2217 noritis?

171 2238 181 2270 ‘
196 2237 264 2300 Nec
278 2239 338 2301 hoc
351 2251 459 2301 natura
469 2240 594 2302 insitum
610 2240 695 2302 vobis
707 2254 765 2318 est,
775 2240 831 2302 sed
840 2227 1121 2321 usu*possidemini.'
1152 2236 1214 2301 Cur

171 2323 181 2356 ‘
197 2326 278 2387 enim
289 2325 431 2389 adversus
447 2336 592 2388 externos
607 2337 727 2388 tantum
739 2326 909 2387 animorum
923 2324 1040 2407 geritis,
1061 2334 1097 2386 ut
1114 2324 1213 2407 impe·

171 2409 182 2443 ‘
196 2432 262 2473 rare
274 2410 460 2493 illianuum
473 2410 640 2473 censeatis?
653 2412 725 2493 quia
735 2412 902 2473 consuestis
912 2411 1034 2478 cumeis
1046 2431 1103 2494 pro
1114 2411 1213 2494 impe·

171 2495 182 2528 ‘
197 2497 242 2560 rio
257 2509 384 2575 certare,
402 2498 543 2560 adversus
563 2497 619 2559 hos
631 2509 750 2559 tentare
761 2498 870 2578 magis,
885 2518 977 2579 quarn
988 2496 1077 2573 tueri,
1089 2496 1213 2560 liberta·

170 2581 182 2615 ‘
196 2593 268 2647 tem.
300 2580 420 2646 Tamen
437 2582 670 2667 qualescumque
686 2583 777 2646 duces
792 2582 951 2663 habuistis,
976 2582 1213 2664 qualescumque

170 2667 250 2752 ‘ipsi
265 2668 375 2748 fuistis,
390 2671 494 2732 omnia
509 2670 620 2745 adhuc,
636 2681 878 2752 quantacumque
893 2669 1023 2752 petistis,
1037 2669 1213 2733 obtinuistis

169 2753 180 2786 ‘
194 2776 248 2818 seu
262 2755 302 2833 vi,
314 2776 368 2817 seu
380 2756 503 2820 fortuna
512 2765 621 2818 vestra.
635 2767 754 2838 tempus
770 2767 827 2833 est,
841 2754 955 2818 etiaml'
969 2753 1087 2838 majora
1098 2756 1214 2828 conari.

168 2837 381 2924 ‘Experimini
396 2843 489 2906 modo
514 2853 546 2904 et
567 2851 699 2906 vestram
715 2842 906 2922 felicitatem,
926 2853 958 2904 et
976 2862 1026 2906 me
1045 2840 1093 2922 (ut
1107 2842 1211 2925 spero)

168 2925 322 2990 ‘feliciter
337 2939 512 3011 expertum:
536 2929 657 2991 minore'
677 2929 813 3011 negotio,
837 2929 889 3010 qui
913 2927 1044 3009 imperet
1056 2926 1214 3006 Patribus,
1289 2991 1296 3002 ,

170 3009 359 3093 ‘inponetis,
381 3035 484 3094 quam,
508 3014 558 3096 qui
581 3015 756 3077 resisterent
776 3014 1007 3097 imperantibus,
1028 3014 1215 3094 inposuistis.

170 3095 181 3127 ‘
197 3093 269 3158 Solo
281 3099 433 3178 equandae
445 3111 516 3160 sunt
530 3099 687 3162 dictaturae
702 3100 946 3179 consulatusque,
956 3109 993 3159 ut
1005 3107 1099 3178 ceput
1114 3098 1214 3162 adtol-

172 3180 183 3213 ‘
198 3181 259 3242 lere
274 3181 416 3244 Romana
429 3185 534 3266 plebes
547 3184 656 3266 possit.
678 3181 809 3250 Proinde
817 3184 934 3259 adeste,
945 3182 1106 3263 prohibete
1115 3181 1167 3262 jus
1176 3182 1216 3244 de

172 3266 184 3298 ‘
198 3267 334 3350 pecuniis
349 3267 420 3330 dici.
440 3289 498 3350 ego
519 3289 568 3330 me
583 3280 747 3350 patronum
762 3268 906 3352 profiteor
920 3266 1027 3348 plebis,
1041 3266 1126 3347 quod
1139 3267 1217 3333 mihi

173 3352 184 3385 ‘
199 3372 272 3414 cura
287 3373 356 3415 mea
371 3363 404 3416 et
417 3353 493 3415 fides
507 3374 620 3416 nomen
632 3353 749 3415 induit.
783 3349 847 3414 Vos
864 3353 891 3413 si
911 3371 972 3433 quo
988 3349 1098 3432 insigni
1118 3352 1216 3434 magis

172 3438 316 3520 ‘imperii
339 3440 498 3502 honorisve
518 3439 640 3503 nomine
663 3451 794 3502 vestrum
820 3436 1012 3522 edpellabitis
1033 3438 1154 3517 ducem,
1177 3435 1216 3502 eb

172 3524 322 3588 ‘utemini
341 3526 513 3610 potentiore
530 3526 571 3588 ad
597 3525 764 3589 obtinenda
782 3546 831 3605 ea,
846 3547 912 3607 qrue
927 3522 1040 3587 vultis?
1084 3523 1160 3590 Inde
1176 3525 1217 3592 de

172 3631 266 3693 regno
280 3613 390 3694 agendi
402 3624 501 3676 ortum
516 3613 636 3676 initium
651 3612 778 3676 dieitur:
802 3614 855 3676 sed
867 3633 924 3676 nec
938 3628 1008 3676 erun
1023 3612 1143 3694 quibus,
1156 3633 1216 3676 nec

172 3711 263 3780 quem
275 3699 417 3762 adfinem
429 3699 557 3764 consilis
571 3699 773 3784 pervenerint,
787 3711 836 3762 sat
850 3699 975 3784 planum
987 3698 1129 3764 traditur.

565 3823 633 3894 ,bjau
645 3824 718 3875 Grau.
730 3827 799 3877 Crer.

172 3912 677 3978 mrptcnmtadernernonemltvio.
740 3916 763 3952 Β
793 3913 826 3964 Ut
846 3930 927 3977 nuper
950 3914 1007 3964 robis
1032 3911 1153 3990 asim]
1180 3909 1217 3961 Ut

171 3978 242 4030 Certe
254 3981 352 4030 rotrude
370 3993 406 4030 est
424 3981 475 4032 lrrec
493 3982 582 4040 metio:
601 3980 677 4035 Qum
708 3981 766 4030 nihil
777 3981 839 4029 aliud
859 3980 994 4029 duidmetis
1014 3979 1120 4028 advenas
1138 3976 1218 4026 ruini·

169 4055 459 4109 parrarraque..„mra
477 4056 528 4097 urst
545 4049 570 4096 r'rr
585 4047 677 4109 propin-
709 4063 757 4110 ecs,
773 4061 842 4111 quam
864 4044 984 4108 auxilium,
1000 4057 1048 4108 qao
1064 4041 1160 4119 anobis
1174 4056 1216 4091 eo-

172 4120 365 4172 quumsertam.
708 4105 1216 4175 rumrimetiajariarsresrtrs3½oe

114 4223 119 4230 .
204 4175 228 4209 '²
251 4175 267 4206 ‘
285 4174 344 4230 Quot
364 4177 433 4242 misr]
456 4176 520 4226 Ante
540 4176 593 4226 brec
611 4176 679 4226 rerba
711 4193 813 4243 unquam
829 4178 935 4227 adversm
953 4173 1151 4232 Patrescertetir,
1171 4169 1216 4220 uisi

174 4237 349 4305 rupplsrtopus
374 4243 679 4305 “terminamus
711 4245 740 4292 de
765 4240 1033 4293 remiremormtn
1059 4239 1217 4300 mrmpsm

176 4305 283 4353 orationis
299 4307 438 4370 membrum,
458 4307 523 4370 quale
539 4320 601 4358 esset
617 4310 678 4358 hocs
710 4309 855 4358 statuendisz
889 4321 960 4371 quam
988 4302 1121 4353 haerebis
1140 4302 1217 4366 potiar

174 4367 290 4430 rrdloags
302 4371 540 4422 aliterresrehrber:
558 4373 679 4436 longedia
790 4373 851 4422 'rum
869 4388 920 4426 erre
942 4371 1034 4430 debeat.
1057 4380 1085 4420 ut
1106 4368 1149 4434 ipsi
1170 4365 1217 4416 illis
1280 4423 1283 4429 ¹

174 4431 242 4548 *geg
255 4435 376 4512 ὥφῑωᾶἱ
391 4436 490 4494 conditio
507 4440 620 4506 properus
634 4451 678 4494 est.
719 4440 837 4506 urparetir.

251 4513 375 4554 ffllmuu

215 4584 324 4636 νοω.
731 4571 787 4636 ab
