3175 5200
363 330 422 388 nos
784 308 989 379 TITl'Livll
1043 310 1054 324 '

193 480 227 531 U.
238 480 268 533 c.
279 485 335 534 305.
360 462 518 545 ‘Petrum'
532 480 563 542 in
590 479 710 563 plebem
725 475 909 560 Romanam,
924 492 978 543 aut
991 478 1090 563 plebis
1103 479 1134 543 in
1147 478 1275 545 Patres?
1309 480 1407 546 Scuto

192 548 225 598 A.
237 548 266 602 ⁰·
278 551 335 605 ⁴⁴7·
359 569 371 603 ‘
384 570 471 632 vobis
484 570 592 651 magis,
603 586 695 647 quam
705 566 821 647 gladio,
831 588 906 650 opus
914 579 971 629 est.
994 570 1021 607 ³⁶
1028 565 1110 630 Satis
1122 590 1270 652 superque
1282 571 1406 633 humilis

359 656 370 691 ‘
385 668 443 735 est,
450 656 500 739 qui
503 654 571 736 jure
579 672 666 734 aequo
673 652 704 712 in
715 653 839 714 civitate
848 653 933 732 vivit,
939 675 996 716 nec
1002 654 1175 718 inferendos
1187 655 1341 738 injuriam,
1347 677 1406 717 nec

359 743 371 777 ‘
385 742 541 827 patiendo.
574 738 690 817 Etiam,
711 739 736 801 si
752 740 875 820 quando
890 741 1070 805 metuendos
1085 764 1139 804 vos
1154 744 1307 826 praebituri
1320 744 1405 821 estis,

358 832 370 865 ‘
385 850 488 911 quum,
504 826 690 908 recuperatis
716 826 947 907 magistratibus
962 828 1138 910 legibusque
1152 830 1272 907 vestris,
1288 828 1406 911 judicia

358 917 475 998 ‘penes
501 934 553 974 vos
582 923 671 975 erunt
693 912 731 973 tle
761 913 864 995 capite
892 926 998 976 nostro
1020 914 1207 997 fortunisque
1219 938 1230 993 ς
1253 928 1336 993 tune,
1367 932 1404 978 ut

357 1004 369 1035 ‘
384 1018 628 1082 quaequccaussa
638 998 708 1084 erit,
717 1000 870 1065 statuetis.
878 1020 960 1062 nunc
967 1000 1139 1064 libertatem
1146 1002 1242 1086 repeti
1253 1004 1327 1065 satis
1337 1000 1405 1065 est!

401 1085 484 1149 LIV.
507 1084 657 1149 Facerem
683 1096 718 1147 ut
746 1085 858 1148 vellent
902 1086 1309 1169 permittentibus'cunctis,
1330 1110 1405 1151 mox

357 1173 508 1237 redituros
545 1194 578 1235 se
613 1172 708 1253 legati
740 1172 828 1233 rebus
865 1172 1007 1255 perfectis
1044 1174 1218 1237 adfirmant.
1273 1175 1403 1239 Profecti

273 1256 281 1265 “
357 1280 450 1343 quum
482 1260 629 1321 mandata
652 1258 749 1340 plebis
764 1254 905 1342 Patribus
927 1260 1149 1341 exposuissent,
1164 1260 1216 1323 alii
1231 1262 1404 1339 decemviri,

358 1347 605 1430 quandoquidem
635 1356 743 1428 praeter
780 1364 867 1427 spem
905 1346 1039 1427 ipsorum
1076 1346 1216 1429 supplicii
1244 1349 1290 1410 sui
1320 1349 1412 1410 trulla⁴

358 1435 476 1497 mentio
502 1433 599 1511 fieret,
621 1432 703 1494 haud
731 1430 1063 1513 quidquamyabnuere.
1106 1432 1235 1517 Appius,
1256 1436 1335 1498 truci
1357 1436 1406 1496 in-

357 1522 450 1605 genio
460 1531 492 1583 et
507 1518 621 1582 invidia
636 1518 800 1601 precipua,
811 1517 916 1580 odium
926 1518 957 1579 in
966 1540 999 1580 se
1015 1519 1144 1581 aliorum
1159 1540 1215 1583 suo
1226 1521 1257 1583 in
1272 1543 1324 1585 eos
1339 1543 1406 1584 me-

359 1609 438 1673 tiens
448 1607 532 1685 odio,
554 1605 566 1685 f
581 1602 674 1667 Haud
686 1603 815 1687 ignaro,’
831 1605 940 1686 inquit,
955 1605 1111 1669 ‘inminet
1137 1606 1267 1670 fortuna.
1294 1606 1417 1687 Videos

359 1695 482 1756 ‘donec
497 1712 583 1755 arma
600 1692 779 1753 adversariis
795 1691 965 1769 tradantur,
982 1692 1094 1754 differri
1109 1692 1250 1755 adversus
1260 1714 1318 1757 nos
1333 1716 1403 1758 cer·

359 1782 499 1844 ‘tamem
524 1778 642 1841 dandus
667 1777 787 1840 invidiae
811 1788 859 1840 cst
882 1779 1018 1861 sanguis.
1039 1775 1123 1841 Nihil
1143 1800 1183 1840 ne
1203 1800 1263 1862 ego
1276 1782 1401 1862 quidem

358 1868 371 1902 ‘
382 1889 493 1947 moror,
517 1887 578 1949 quo
607 1865 708 1930 minus
723 1864 929 1927 decemviratu
956 1863 1084 1929 abeam.'
1109 1864 1238 1929 Factum
1259 1878 1402 1929 senatus-

359 1956 541 2033 consultum,
558 1953 568 1987 ‘
584 1950 630 2015 Ut
646 1952 808 2015 decemviri
834 1972 867 2013 se
881 1952 981 2035 primo
999 1972 1117 2035 quoque
1131 1963 1267 2035 tempore
1287 1954 1403 2035 magis·

359 2044 370 2075 ‘
386 2054 468 2105 tratu
483 2040 671 2103 abdicarent.
714 2038 753 2109 Q.
768 2037 875 2101 Furius
889 2042 916 2085 ³⁷
931 2039 1070 2123 pontifex
1098 2041 1247 2103 maximus
1264 2040 1403 2103 tribunos

358 2129 481 2211 ‘plebis
506 2139 632 2189 crearet.
659 2138 691 2189 et
706 2146 745 2187 ne
767 2126 816 2188 cui
832 2126 928 2189 fraudi
944 2139 1026 2189 esset
1040 2126 1170 2188 secessio
1184 2128 1315 2189 militum
1335 2128 1405 2209 ple·

359 2216 370 2249 ‘
389 2214 516 2299 bisque.’
555 2212 613 2277 His
623 2214 894 2277 senatusconsultis
908 2213 1059 2297 perfectis,
1075 2214 1201 2276 dimisso
1215 2228 1333 2293 senatu,
1349 2213 1407 2275 de·

359 2303 483 2365 cemviri
504 2302 655 2384 prodeunt
681 2302 712 2363 in
737 2301 928 2380 concionem,
951 2301 1154 2383 abdicantque
1169 2302 1405 2383 semagistratu,

359 2389 477 2470 ingenti
506 2389 662 2449 hominum
687 2386 804 2449 laetitia.
833 2385 1024 2449 Nuntiantur
1052 2378 1117 2449 hae'c
1147 2388 1238 2470 plebi.
1279 2388 1407 2469 legatos,

360 2474 507 2555 quidquid
522 2475 553 2534 in
568 2476 640 2535 urbe
655 2474 813 2535 hominum
833 2489 999 2555 supererat,
1010 2475 1212 2557 prosequitur.
1228 2473 1309 2536 Huic
1326 2474 1406 2536 mul·

359 2560 483 2623 titudini
496 2560 565 2622 laeta
574 2560 635 2622 alia
644 2560 736 2622 turba
743 2580 782 2622 ex
793 2561 900 2624 eastris
910 2562 1054 2642 obcurrit,
1061 2562 1311 2644 congratulantur
1316 2560 1407 2623 liber-

358 2647 1409 2819 2iimlilllilllztibitibi...militium

359 2820 371 2854 ‘
386 2819 450 2881 dite
460 2819 491 2881 in
502 2821 634 2903 patriam
646 2820 686 2882 ad
698 2829 836 2902 penates,
847 2819 1004 2905 conjuges,
1013 2823 1183 2905 liberosque
1193 2835 1324 2886 vestrost
1344 2821 1409 2900 sed,

359 2906 446 2988 ‘qua
459 2906 510 2969 hic
526 2907 678 2970 modestia
697 2906 808 2986 fuistis,
827 2908 880 2970 ubi
895 2909 1005 2971 nullius
1020 2910 1139 2991 egerin
1154 2920 1204 2972 tot
1217 2931 1317 2973 rerum
1333 2918 1411 2971 usur

358 2992 557 3056 ‘necessario
578 3005 672 3058 tantae
687 2993 886 3057 multitudini
912 3007 961 3058 est
971 2995 1112 3076 violatus,
1135 3017 1204 3060 eam
1224 2995 1409 3060 modestiam

359 3079 371 3114 ‘
384 3079 499 3144 fertein
509 3082 626 3144 urbem.
636 3081 668 3142 in
675 3078 861 3166 Aventinum
873 3081 927 3162 ite,
936 3083 1017 3146 uude
1025 3083 1156 3167 profecti
1168 3083 1251 3148 estis.
1267 3082 1314 3146 lbi
1324 3081 1407 3144 felici

358 3165 464 3245 ‘loco,
479 3169 532 3230 ubi
558 3169 659 3251 prima
682 3167 771 3230 initia
786 3168 952 3232 inchoastis
968 3171 1118 3233 libertatis
1134 3181 1251 3249 vestra,
1266 3170 1408 3233 tribunos

357 3253 370 3286 ‘
385 3255 492 3337 plebi·
508 3255 663 3317 creabitis.
683 3265 794 3338 praesto
815 3257 873 3318 erit
886 3253 1026 3339 pontifex
1039 3258 1200 3335 maximus,
1215 3257 1267 3340 qui
1279 3255 1408 3318 comitia

358 3340 521 3405 ‘habeat’
545 3340 656 3424 Ingens
673 3335 819 3404 adsensus
834 3343 1038 3424 alacritasque
1046 3355 1158 3406 cuncta
1168 3341 1408 3426 adprobantium

359 3425 425 3490 fuit.
432 3429 459 3467 ⁸⁸
470 3425 673 3490 conuelluntt
684 3428 754 3490 inde
766 3428 865 3510 signa,
875 3429 1198 3513 profectiqueRomam
1207 3440 1329 3494 certant
1337 3448 1409 3490 curn

483 3627 485 3634 Ι
555 3574 702 3618 'umrerrrrn
713 3567 868 3622 Groui-Cret.
928 3575 931 3581 '
967 3571 971 3579 '
1042 3569 1208 3633 'plebiaCret.

598 3635 743 3691 ‘ceramium
755 3635 829 3685 Gron.
855 3645 1013 3687 mutuemur
1028 3636 1175 3687 Murrius
1223 3705 1227 3711 Ι

388 3747 412 3786 ³⁶
429 3749 614 3814 δαώωροτφιι]
629 3750 690 3802 ilaec
700 3755 873 3804 tententiaoou
905 3755 997 3805 civitate
1014 3753 1175 3816 marianarum
1193 3755 1222 3802 ab
1239 3754 1353 3816 interrege
1369 3767 1415 3801 au·

357 3817 515 3866 satiavidetur
528 3829 641 3866 accurata.
672 3817 731 3867 Non
745 3819 808 3868 enim
821 3822 873 3869 ideo
904 3821 1066 3886 temperatio
1076 3820 1220 3881 magistratu,
1229 3820 1417 3883 tribunorplebei

360 3883 411 3946 quis
425 3883 520 3932 humilia
540 3895 584 3942 est,
598 3882 671 3932 multo
686 3885 763 3932 miuus
779 3885 873 3934 humilia
904 3887 978 3936 creari
998 3898 1180 3936 consentaneum
1195 3899 1243 3934 uon
1260 3891 1332 3935 earet.
1373 3883 1416 3932 De

359 3949 420 3997 ultra
432 3965 499 4012 quam
507 3943 808 4013 satiarit,quirjureoequci
818 3967 872 4000 cum
903 3951 1054 4016 appellatione
1070 3950 1180 4014 praeficit
1196 3952 1283 3999 morbi
1299 3951 1346 3998 vid.
1363 3959 1415 3996 not.

361 4015 446 4063 ceteris
456 4015 519 4063 vivit.
552 4014 606 4064 Nec
626 4015 749 4078 quidquam
767 4015 807 4063 bic
824 4017 874 4081 opia
904 4019 1062 4067 34.adr.32.
1112 4054 1116 4062 .

362 4088 402 4124 aut
413 4080 442 4127 rb
453 4081 625 4142 interpretibus,
634 4079 779 4129 autaMSS.
936 4081 959 4115 ³⁸
976 4082 1108 4131 comedunt
1124 4080 1199 4147 εἰςινι]
1233 4082 1292 4130 ilaec
1315 4086 1351 4126 eet
1371 4079 1415 4126 νέ-

395 4141 417 4179 ³⁷
435 4143 538 4208 Pontiser
547 4144 664 4206 mimus]
682 4144 789 4200 Pontifex
799 4146 872 4194 maxi·
904 4157 981 4194 tenuo
1023 4147 1127 4195 omnium
1171 4149 1283 4196 editorum
1333 4141 1417 4199 lectio,

364 4207 626 4259 mustributiscomitiis
640 4208 790 4272 deligebatur.
818 4212 874 4260 ideo
906 4227 974 4273 qmm
998 4213 1113 4261 immerito
1138 4213 1257 4276 expulerat
1279 4209 1418 4267 Rhenanus,

364 4269 875 4340 videturidoneuaauctorjudieatuatribunia
905 4277 1098 4341 substitueratque
1124 4287 1261 4328 wnoenunt.
1314 4273 1418 4330 mentm,

364 4335 479 4394 creandis,
501 4337 540 4399 qui
562 4352 586 4389 et
607 4341 649 4404 ipsi
664 4341 757 4390 triburis
775 4343 875 4392 comitiis
905 4353 933 4388 ut
953 4345 1139 4392 reete-observat
1160 4341 1339 4390 Gronovimdn
1361 4347 1418 4386 sota
1506 4401 1510 4406 .

366 4401 509 4449 creabantur.
544 4401 575 4450 Et
586 4407 678 4468 quidem
695 4407 733 4456 eia
749 4408 816 4457 aliter
825 4407 875 4457 fieri
907 4407 935 4454 ad
956 4406 1018 4458 forne
1038 4409 1122 4466 locum,
1150 4419 1207 4456 tunc
1228 4406 1325 4454 murti
1352 4406 1418 4465 aigne

364 4475 464 4532 poterat,
493 4481 564 4529 quun
589 4472 666 4522 nullus
692 4483 743 4525 tum
765 4485 825 4528 esset
850 4473 876 4524 in
907 4472 1023 4535 dicum,
1048 4489 1120 4539 quum
1143 4475 1193 4539 jau
1216 4471 1280 4525 mota
1302 4472 1327 4520 in
1347 4470 1417 4521 aliam
