3175 5200
515 362 655 425 nutv.
676 354 837 438 canux,
1078 406 1084 417 ·
1126 374 1186 432 aso

141 520 313 606 principum
328 522 359 585 in
374 522 600 586 multitudinem
612 542 746 602 munere,
761 534 796 585 ut
811 533 882 585 ante
892 524 1079 587 mentionem
1089 526 1183 589 ullam
1196 548 1229 596 u.
1240 548 1270 597 c.
1280 550 1338 600 sss.

142 608 238 691 plebis
267 611 492 673 tribunorumve
522 611 697 672 decerneret
724 621 857 688 senatus,
890 612 917 649 ⁴⁹
930 620 966 671 ut
998 613 1183 695 stipendium
1195 614 1342 663 A·C·⁴⁰³·'

142 694 229 757 miles
255 696 292 759 de
315 697 437 779 publico
462 696 623 778 acciperet,
650 716 742 777 quum
766 708 840 759 onte
865 694 898 757 id
921 707 1040 781 tempus
1065 699 1104 762 de
1126 679 1324 794 suossffi
1342 740 1357 751 α

145 781 271 861 quisque
286 782 405 845 lunens
420 802 457 845 eo
472 803 596 844 munere
610 794 700 845 essct.
1194 811 1343 877 stipendium.

186 864 253 929 LX.
274 865 360 930 Nihil
375 880 535 951 acceptum
551 866 694 950 umquam
718 888 737 928 a
762 868 852 950 plebe
876 878 964 931 tanto
987 870 1100 951 gaudio
1122 882 1186 934 tra-

94 1023 101 1041 ·
145 950 235 1015 ditur.
294 952 481 1017 Concursum
514 956 617 1035 itaque
645 954 687 1016 ad
715 954 831 1015 curiam
862 975 938 1033 esse,
972 967 1188 1039 prensatasque

145 1039 319 1103 exeuntium
338 1060 456 1121 manus,
482 1052 513 1102 et
534 1039 638 1102 Patres
660 1060 729 1104 vere
748 1040 935 1123 adpellatos3
959 1041 1101 1104 effectum
1121 1064 1187 1105 esse

145 1122 317 1204 fatentibus,
344 1138 380 1188 ut
401 1148 492 1189 nemo
516 1147 572 1208 pro
595 1137 660 1189 tam
683 1125 828 1189 munifica
850 1125 960 1208 patria,
984 1127 1082 1190 donec
1097 1130 1187 1209 quid·

145 1228 236 1290 quam
250 1208 359 1274 virium
381 1224 561 1295 superesset,
584 1213 704 1295 corpori
729 1224 782 1275 aut
807 1213 946 1293 sanguini
968 1234 1024 1275 suo
1039 1227 1187 1297 parceret.

144 1298 172 1335 ³⁰
183 1294 285 1366 Quum
315 1299 517 1361 commoditas
538 1297 669 1379 juvaret,
695 1318 759 1359 rem
785 1294 968 1361 'familiarem
997 1300 1104 1361 saltem
1130 1300 1187 1362 ad·

145 1382 298 1461 quiescere
313 1403 351 1445 eo
366 1395 513 1466 tempore,
536 1404 595 1467 quo
611 1404 718 1467 corpus
734 1378 892 1446 addictum
916 1395 1008 1466 atquc
1029 1396 1186 1469 operatum

145 1466 315 1549 reipublice
330 1482 411 1531 essct
420 1491 430 1547 ;
454 1481 531 1548 tum,
556 1470 637 1551 quod
656 1470 736 1532 ultro
750 1468 808 1531 sibi
823 1470 960 1537 oblatum
974 1482 1065 1549 esset,
1087 1476 1112 1513 ⁶¹
1123 1494 1186 1535 non

146 1572 166 1613 a
190 1554 317 1617 tribunis
341 1554 437 1637 plebis
466 1556 621 1638 umquam
636 1556 797 1636 agitatum,
822 1576 885 1617 non
913 1557 974 1618 suis
999 1558 1187 1620 sermonibus

147 1634 359 1720 efflagitatum,
385 1641 417 1702 id
441 1640 591 1703 efficiebat
614 1640 773 1725 multiplex
795 1642 941 1723 gaudium
966 1644 1187 1706 ”cumulatio-

146 1743 270 1805 remque
297 1726 427 1807 gratiam
450 1726 504 1788 rei.
560 1724 687 1788 Tribuni
715 1727 823 1810 plebis,
847 1729 1016 1791 communis
1044 1730 1187 1793 ordinum
1199 1752 1328 1805 mmm

147 1806 257 1871 laetitiae
271 1810 500 1893 concordiaeque
515 1813 570 1875 soli
582 1823 733 1895 expertes,
748 1833 870 1894 negare,
892 1813 1030 1877 ιωΤιιιιι
1041 1815 1073 1876 id
1085 1816 1188 1879 letum
1199 1822 1354 1874 tribuam.

146 1893 158 1926 ‘
172 1892 311 1957 Patribus
325 1897 470 1959 universis
481 1891 539 1959 nec
554 1919 729 1980 prosperum
743 1898 820 1978 fore,
833 1920 925 1982 quam
946 1900 1004 1984 ipsi
1018 1901 1188 1965 crederent.

146 1978 331 2043 ‘consilium
354 1982 454 2065 specie
469 1982 567 2063 prima
587 1982 694 2043 melius
716 1983 818 2061 fuisse,
842 2006 933 2067 quarn
954 2006 1009 2048 usu
1034 1986 1188 2071 adparittr-

46 2135 48 2139 ,
146 2064 248 2129 ‘rum
292 2064 384 2129 Unde
399 2067 564 2129 enimcum
584 2067 746 2150 pecuniam
761 2067 871 2130 confici
887 2090 988 2151 posse,
1002 2071 1061 2133 nisi
1075 2073 1190 2137 tributo

129 2150 287 2235 '‘populo
310 2152 450 2215 indicto?
482 2173 521 2215 ex
544 2151 644 2217 alieno
667 2152 759 2234 igitur
781 2152 848 2215 aliis
869 2154 1005 2235 largitos.
1023 2174 1132 2238 neque,
1157 2159 1192 2220 id

148 2234 159 2269 ‘
175 2237 295 2299 etiamsi
309 2238 401 2301 ceteri
422 2238 532 2316 ierant,
547 2259 687 2321 passuros
702 2259 766 2317 eos,
780 2239 889 2320 quibus
906 2237 973 2320 jam
994 2244 1121 2304 emerita
1134 2244 1191 2305 sti-

149 2321 286 2405 ‘pendia
309 2335 422 2403 essent,
447 2324 573 2386 meliore
587 2324 762 2389 conditione
778 2324 854 2386 alios
867 2324 1008 2405 militare,
1026 2347 1119 2409 quarn
1133 2328 1191 2411 ipsi

149 2405 160 2440 ‘
176 2407 378 2489 militassent3
402 2412 429 2450 ⁵⁴
439 2422 472 2472 ct
486 2410 608 2473 eosdem
623 2410 655 2471 in
670 2431 726 2471 sua
747 2410 899 2492 stipendia
914 2409 1054 2495 inpensas
1074 2413 1193 2491 iecisse,

148 2492 253 2555 ‘etin
268 2496 394 2558 otiomm
409 2493 529 2557 iacere?
573 2494 631 2557 His
646 2495 769 2556 vocibus
780 2508 940 2558 moverunt
954 2508 1074 2579 partem
1085 2498 1193 2579 plebis.

148 2590 315 2660 postremo,
331 2581 447 2644 indicto
457 2580 524 2663 jem
540 2580 665 2660 tributo,
680 2580 841 2644 edixerunt
858 2580 950 2644 etiarn
965 2582 1089 2662 tribuni,
1105 2584 1193 2644 auxi-

146 2663 191 2726 lio
202 2687 234 2727 se
244 2667 370 2744 futuros,
385 2667 487 2749 siquis
502 2667 533 2727 in
548 2667 679 2729 militare
688 2666 874 2748 stipendium
885 2669 1032 2730 tributum
1043 2689 1106 2730 non
1118 2690 1193 2731 con·
1203 2700 1329 2756 mm

147 2751 279 2814 tulisset.
339 2749 442 2815 Patres
471 2752 549 2816 bene
579 2765 713 2836 coeptam
746 2773 810 2814 rem
839 2766 1064 2836 perseveranter
1092 2755 1326 2818 tuerithtictom.

148 2836 285 2899 conferre
311 2837 368 2922 ipsl
397 2838 506 2922 primi:
531 2849 573 2918 et,
599 2839 669 2920 quia
692 2837 829 2900 nondum
855 2852 1013 2921 argentum
1040 2832 1353 2948 signaturum*

149 2935 227 3002 erat,
247 2929 325 3000 ἔδει
344 2945 435 3006 grave
458 2924 598 3006 plaustris
619 2924 742 3007 quidam
765 2925 807 2986 ad
824 2926 961 2988 aerarium
980 2928 1195 3007 convehentes,
1207 2965 1249 3015 „L
1292 2898 1339 2964 μ’

149 3008 357 3090 “speciosam
387 3011 480 3073 etiam
506 3011 710 3074 conlationem
737 3008 902 3074 iaciebant.
946 3010 1047 3082 Quum
1072 3024 1195 3077 senatus

184 3189 207 3227 ⁴⁹
225 3187 257 3238 Ut
274 3192 407 3254 stiperdirun
424 3191 496 3254 stila]
522 3193 571 3244 Hic
590 3193 657 3244 miles
689 3204 737 3244 trus
753 3209 767 3244 a
783 3192 1199 3260 ausimdqubsimlomittmsnl·

150 3253 251 3304 munitur
269 3269 311 3318 pro
325 3255 411 3318 pedite.
442 3255 522 3318 Equiti
538 3257 658 3307 enimnon
689 3258 769 3307 cimam
782 3272 875 3309 rocem.

150 3319 335 3380 miserturum
351 3319 500 3378 stipendium,
515 3323 560 3370 nisi
578 3332 659 3384 quarto
722 3323 743 3356 ³⁸
763 3321 818 3368 Tota
834 3326 862 3372 id
878 3324 953 3372 tuus
967 3321 1074 3374 Perottus
1082 3321 1202 3390 wurdt]

150 3512 191 3562 illa
215 3508 377 3562 'commodius
418 3513 518 3562 multum
549 3511 661 3577 placebat,
690 3514 765 3563 cularn
777 3530 826 3563 nec.
855 3509 1201 3579 resumpturum

150 3578 215 3642 quod
247 3592 284 3626 res
314 3576 430 3628 familiaris
457 3580 661 3641 acquiescam..-
690 3580 807 3636 turnomio,
820 3577 992 3629 isembertus
1009 3578 1097 3629 cisbatl
1112 3595 1200 3642 promas

150 3655 205 3692 tum
224 3657 253 3692 so
268 3641 413 3692 efficiebatur
429 3643 559 3708 multiplex,
572 3644 597 3692 id
617 3653 661 3700 est,
693 3643 810 3708 messore.
1058 3659 1063 3667 ·
1197 3659 1201 3672 ·

151 3707 228 3758 multo
254 3706 328 3771 majus
352 3707 467 3770 gaudum,
492 3709 553 3772 quod
575 3722 658 3758 munus
728 3705 777 3742 ⁵⁴*
790 3705 923 3772 Etmden]
939 3703 1051 3758 Etsisnul
1067 3710 1091 3757 in
1107 3705 1202 3760 amati·

151 3773 198 3822 hoc
221 3770 283 3821 ultro
311 3772 355 3820 sibi
383 3771 484 3822 oblatum
506 3784 574 3823 esset.
619 3771 658 3821 De
688 3771 770 3838 pendia
798 3771 912 3835 impensas
932 3772 1022 3830 iecisse,
1045 3789 1117 3836 quum
1142 3767 1203 3820 nibil

85 3831 91 3844 '
152 3837 272 3902 particulis
286 3853 354 3900 posen
372 3845 420 3886 tum
438 3839 482 3887 eid.
504 3850 554 3888 aot.
575 3841 615 3889 ⁴8.
629 3837 658 3885 ad
691 3836 814 3903 epublico
832 3836 956 3886 militantes
966 3839 1115 3901 acceperint,
1132 3833 1202 3885 dmul

153 3905 226 3952 0:021·
236 3903 253 3951 Ι.
265 3917 284 3952 ι.
691 3904 715 3952 ἱιι
735 3903 832 3952 aliorum
850 3901 963 3966 stipendia
982 3905 1097 3965 impensas
1111 3901 1202 3962 tuere,

186 3967 209 4000 ⁵¹
237 3963 290 4016 Noa
309 3985 325 4015 o
348 3968 442 4015 tribunis
467 3968 536 4030 plebis
562 3983 660 4030 nsquam
692 3985 762 4031 quum
783 3968 898 4016 tributum
920 3967 1048 4025 conseram,
1073 3966 1135 4014 ands
1156 3965 1203 4014 illis

153 4031 396 4096 ogtsuamtltenrto
422 4029 470 4094 jam
501 4033 575 4096 aliqua
598 4033 660 4080 facts
690 4031 834 4098 stipendium
844 4029 995 4096 persolvatur.

98 4109 107 4126 ’
153 4107 205 4145 srst
231 4095 338 4160 stipendii
365 4096 476 4146 militibus
497 4097 659 4146 consumendi.
723 4099 745 4132 ⁵⁵
762 4095 890 4163 AEspooe]
904 4095 958 4144 V'sd.
972 4103 1100 4160 snpraum
1120 4093 1159 4144 86.
1174 4094 1203 4143 ad

153 4159 212 4210 Vid.
223 4164 292 4224 supra
302 4177 323 4210 c.
335 4163 375 4211 ³6.
392 4161 440 4209 Sed
449 4160 530 4210 leviter
543 4178 569 4210 ac
586 4162 660 4211 semel
689 4179 711 4212 c.
723 4164 767 4211 ll.

154 4233 245 4274 uotum
262 4225 347 4290 jactata
365 4242 401 4275 res
413 4227 436 4272 in
448 4225 586 4276 obliuionem
598 4226 658 4275 sbic-
722 4223 744 4259 ⁵⁶
761 4225 881 4288 Speciem
896 4228 963 4273 sumn
979 4221 1114 4272 collationem
1124 4221 1201 4288 sacia

156 4301 202 4338 rat.
692 4287 756 4350 hot]
785 4291 926 4339 Efficiebaut
953 4299 981 4337 ut
1008 4288 1099 4335 collatio
1121 4287 1203 4336 tributi

192 4353 214 4386 θ
248 4353 459 4419 Comuhtioremque
490 4357 588 4420 gratiam
614 4353 659 4416 rer]
694 4354 764 4402 ctiam
775 4356 884 4418 speciem,
901 4355 981 4416 idest,
997 4367 1113 4415 pompam,
1128 4350 1203 4413 digni-

159 4413 361 4468 Ousnsadmodurn
380 4419 472 4485 plurimi
493 4432 518 4468 et
540 4420 618 4486 scripti
639 4431 664 4468 et
694 4429 766 4467 tstem
774 4419 874 4482 aliquam
882 4418 1049 4485 tabemque
1058 4427 1204 4468 comestam

159 4493 222 4534 vett.
240 4483 297 4530 editi
314 4500 327 4532 a
346 4484 461 4537 Gronovlu
480 4485 583 4550 inspecti,
597 4485 628 4534 ita
640 4495 664 4535 ct
695 4483 854 4548 oculosvulgi.

209 4567 284 4616 vot..
299 4569 322 4617 1.
752 4571 777 4617 U
