3175 5200
401 390 461 444 480
810 378 895 438 'rm
916 377 1019 438 mvn

232 549 266 601 v.
279 553 376 604 ests.
400 536 607 600 Romanorum
633 533 847 616 transhrgeret,
871 533 949 594 alter
976 530 1155 596 subsisteret
1180 534 1221 596 sd
1245 535 1452 618 prebendam

231 616 263 665 Αἵ
276 617 373 668 0:³2³.
399 637 603 708 opportunam
615 619 753 684 'consilio
775 621 892 682 urbem.
936 616 1096 681 Charilaus
1111 618 1180 699 fnit,
1202 621 1254 703 qui
1276 624 1318 685 sd
1333 622 1447 686 Publi-

398 711 471 774 lium
488 709 647 770 Philonem
661 707 765 769 venite
793 716 835 783 et,
849 704 954 788 ‘quod
966 705 1089 783 bouum,
1109 706 1254 784 faustum,
1269 708 1365 772 ialin⁸
1381 709 1447 772 Pa·

231 791 349 873 Pshspolls
398 798 408 830 ‘
424 794 605 878 laepolitanis
626 793 799 878 populoque
809 791 951 854 Romano
964 803 1056 870 esset,
1064 792 1183 856 tradere
1197 793 1253 872 se,'
1268 795 1323 874 ait,
1337 795 1445 860 ‘moe-

226 874 320 924 nanu.
398 881 476 942 ‘nia
490 880 652 942 statuisses
684 879 730 942 Eo
752 879 835 940 facto
859 889 961 940 utrum
983 878 1024 938 ab
1044 899 1078 940 se
1093 879 1226 961 prodita,
1251 901 1292 942 an
1306 891 1444 962 servata,

398 969 409 1001 ‘
424 967 523 1049 patria
537 965 683 1044 videatur,
698 965 804 1028 infide
820 964 960 1026 Romana
973 964 1110 1046 positum
1122 985 1199 1028 esse.
1215 966 1274 1030 sibi
1294 968 1444 1049 privatim

396 1054 408 1087 ‘
422 1073 479 1114 neo
494 1052 606 1136 pacisci
621 1053 796 1134 quidquam,
811 1071 868 1113 neo
878 1061 1001 1134 petere:
1017 1051 1138 1132 publioe
1148 1063 1263 1134 petere,
1272 1073 1362 1135 quam
1376 1077 1442 1138 pa-

395 1140 407 1173 ‘
421 1139 504 1217 sisci,
520 1139 627 1220 magis,
643 1151 687 1216 ut,
703 1139 728 1199 si
742 1137 934 1200 successisset
948 1137 1128 1218 inooeptum,
1142 1140 1293 1220 rogitaret
1304 1142 1440 1223 populus

394 1226 405 1259 ‘
420 1225 585 1304 Romanus,
601 1225 704 1308 potius
719 1245 789 1286 cum
804 1235 919 1305 quanto
933 1222 1035 1286 studio
1050 1223 1247 1306 periculoque
1261 1225 1390 1290 reditum
1401 1228 1440 1292 iu

393 1312 584 1374 ‘amicitiam
599 1331 684 1372 suam
708 1321 799 1389 esset,
821 1330 913 1391 quam
936 1329 996 1390 qua
1016 1309 1148 1372 stultitia
1162 1322 1195 1373 et
1208 1313 1379 1376 temeritate
1395 1314 1442 1376 de

390 1398 518 1460 ‘officio
534 1395 709 1460 decessum!
754 1395 960 1458 Conlaudatus
986 1396 1025 1456 ab
1049 1396 1231 1478 imperatore
1256 1399 1315 1462 tria
1335 1400 1437 1462 millia

284 1478 303 1494 ''
322 1549 334 1560 ,,
388 1485 520 1548 militum
541 1485 582 1546 ad
596 1481 807 1565 occupandam
828 1502 896 1543 eam
918 1493 1039 1564 partem
1053 1483 1147 1560 urbis,
1174 1504 1265 1564 quarn
1279 1483 1438 1548 Samnites

388 1570 571 1648 insidebant,
587 1571 726 1654 accepite
754 1573 781 1610 ⁸⁶
792 1567 932 1652 presidio
942 1601 945 1606 ·
955 1568 984 1630 ei
999 1566 1036 1630 la.
1046 1567 1206 1638 Quinctius
1221 1571 1358 1634 tribunus
1371 1574 1436 1636 mi·

387 1656 475 1718 litum
492 1657 681 1740 praepositus.

343 1749 345 1756 ’
406 1740 546 1804 'XXVL
568 1741 685 1805 Eodem
713 1751 850 1824 tempore
875 1753 907 1805 et
927 1740 1099 1826 Nymphius
1121 1755 1281 1826 pretorem
1304 1742 1436 1812 Samni·

385 1829 462 1892 tium
484 1839 550 1890 arte
575 1829 732 1911 adgressus
755 1829 937 1910 perpulerat,
961 1841 1006 1906 ut,
1029 1829 1169 1910 quoniam
1191 1831 1290 1894 omnis
1306 1830 1431 1896 Roma-

386 1927 451 1976 nus'
472 1915 621 1976 exercitus
645 1927 705 1988 aut
733 1916 816 1976 cirea
844 1913 1020 1998 Palapolim
1045 1926 1098 1976 aut
1125 1914 1157 1976 in
1185 1912 1310 1978 Samnio
1333 1928 1434 1996 esset,

386 2002 498 2063 siheret
512 2022 543 2064 se
559 2001 653 2062 classe
669 2000 852 2062 circumvehi
875 2001 915 2062 ad
932 2000 1103 2063 Romanum
1118 2021 1234 2084 agrum,
1258 2023 1323 2064 non
1336 2023 1431 2066 oram

386 2087 480 2150 modo
491 2087 592 2166 maris,
603 2087 656 2148 sed
668 2087 723 2170 ipsi
733 2088 799 2148 urbi
811 2087 981 2170 propinqua
989 2087 1058 2148 loca
1067 2087 1331 2171 depopulaturum.
1353 2086 1433 2169 Sed,

385 2185 421 2236 ut
436 2174 564 2252 falleret,
585 2185 675 2236 nocte
696 2173 947 2257 proficiscendum
969 2194 1046 2252 esse,
1067 2174 1283 2256 extemploque
1298 2179 1430 2238 ⁸⁷naves

386 2259 589 2322 deducendas.
604 2261 686 2342 quod
701 2279 761 2341 quo
774 2261 921 2322 maturius
936 2257 1032 2338 heret,
1059 2259 1158 2322 omnis
1172 2309 1175 2314 .
1178 2258 1321 2342 juventus
1337 2257 1430 2324 Sam-

385 2346 506 2424 nitium,
534 2357 639 2429 prater
654 2347 854 2408 necessarium
876 2345 955 2408 urbis
978 2346 1161 2428 presidium,
1186 2345 1226 2407 ad
1242 2347 1312 2408 litus
1326 2348 1431 2412 mima.

387 2433 438 2494 nbi
462 2432 534 2494 dum
550 2431 721 2516 Nymphius
747 2432 779 2494 in
805 2433 936 2494 tenebris
957 2442 990 2492 et
1015 2431 1211 2494 multitudine
1237 2431 1336 2496 semet
1361 2435 1432 2518 ipsa

387 2518 573 2601 inpediente,
595 2518 699 2580 sedulo
723 2517 789 2580 aliis
812 2518 1022 2601 sliaimperia
1041 2519 1177 2597 turbans,
1200 2519 1273 2582 terit
1286 2531 1429 2605 tempus;

388 2604 555 2683 Charilaus,
580 2626 618 2667 ex
633 2606 804 2687 composito
819 2606 858 2666 ab
872 2605 962 2668 sociis
985 2604 1017 2667 in
1031 2606 1136 2667 urbem
1152 2618 1303 2689 receptus,
1329 2628 1428 2689 quum

385 2710 505 2751 summa
519 2690 757 2753 urhis'liomano
773 2691 870 2752 milite
884 2692 1040 2775 inplesset,
1056 2691 1123 2753 tolli
1135 2692 1299 2755 clamorem
1308 2692 1427 2775 jussit:

385 2776 425 2837 ad
440 2796 530 2859 quem
545 2774 651 2854 Greci,
674 2776 761 2857 signo
777 2786 906 2859 accepto
922 2798 940 2839 s
953 2776 1150 2860 principibus,
1168 2778 1309 2859 quievere.
1350 2778 1427 2863 No-

384 2861 445 2923 lani
460 2883 514 2944 per
529 2863 663 2923 a'versam
685 2872 804 2945 partem
825 2862 908 2924 urbis
930 2862 980 2924 via
993 2860 1244 2927 Nolam-ferente
1262 2863 1428 2947 effugiunt.

384 2944 570 3009 Samnitibus
595 2948 723 3010 exclusis
760 2950 799 3010 ab
828 2949 912 3027 urbe,
940 2960 975 3011 ut
1003 2949 1175 3031 expeditior
1202 2951 1234 3012 in
1261 2952 1429 3034 prasentia

384 3034 467 3117 fuga,
490 3035 535 3097 ita
549 3034 667 3113 foedior,
691 3046 852 3118 postquam
867 3036 1001 3117 periculo
1015 3046 1182 3115 evaserunt,
1204 3036 1285 3098 visa:
1311 3038 1431 3121 quippe

330 3208 333 3220 Ι
383 3122 592 3270 ῗυὲιὲηςτπιεε,
614 3122 823 3269 nullatererum
841 3142 1054 3269 pduarupesdnoq
1077 3122 1184 3201 relicta
1205 3124 1288 3271 ¹intpbr
1308 3122 1427 3205 hostes,

395 3228 415 3269 u
438 3230 447 3270 ι
469 3230 545 3271 num
569 3228 629 3270 non
655 3228 692 3270 ex
724 3228 784 3270 rnrs
809 3229 841 3269 m
882 3230 913 3286 o,
1012 3220 1107 3271 etrum
1185 3230 1262 3271 uan
1283 3230 1328 3289 us,

384 3293 449 3356 listi
465 3305 557 3377 atque
572 3306 696 3376 egentes
721 3294 828 3357 domos
851 3294 975 3357 rediere.
1019 3230 1287 3377 ⁸⁸Hau'doi’gnarus
1301 3231 1429 3379 opidi&

383 3380 431 3441 nis
446 3380 578 3457 alterius,
603 3401 663 3462 qua
677 3380 750 3443 haeo
762 3381 896 3463 proditio
920 3381 959 3443 ab
974 3378 1159 3443 Samnitibus
1182 3380 1264 3443 facta
1285 3382 1429 3461 traditur,

384 3466 475 3545 q'uum
501 3468 672 3527 auctoribus
696 3466 754 3527 hoc
780 3466 874 3546 dedi,
887 3468 995 3548 quihus
1021 3466 1140 3548 dignius
1166 3468 1250 3528 credi
1275 3480 1334 3547 est,
1356 3480 1428 3531 turm

383 3549 481 3612 soedus
506 3550 743 3633 Neapolitanum
774 3550 825 3632 (eo
848 3554 930 3615 enim
955 3552 1067 3614 deinde
1091 3572 1209 3615 summa
1232 3554 1276 3615 rei
1301 3552 1428 3617 Greco-

382 3656 448 3697 rum
463 3636 558 3716 venit)
585 3637 709 3699 similius
732 3660 803 3701 vero
830 3638 915 3719 facit,
941 3640 1024 3723 ipsos
1050 3639 1082 3701 in
1107 3638 1275 3702 amicitiam
1298 3640 1429 3704 redisse.

768 3786 885 3852 qoam
894 3787 1051 3839 omem.

414 3920 437 3957 ³⁶
454 3922 557 3973 Presidio
576 3922 608 3991 si]
630 3923 691 3974 Huic
712 3920 812 3973 suffitum
838 3941 887 3975 rm-
919 3927 981 3983 dam,
1019 3942 1091 3990 quum
1130 3920 1265 3993 scriptorem
1301 3928 1432 3979 amitas

380 3986 429 4038 nui.
600 4008 603 4015 ·
891 4042 896 4051 ,
919 3993 1062 4055 moreqqui
1077 3992 1101 4040 id
1115 3994 1266 4055 masuam,
1280 4004 1330 4043 run
1346 3995 1431 4045 lodus

412 4052 434 4089 ⁵⁷
452 4052 523 4102 Nasus
532 4054 675 4116 dduosrrdar]
690 4054 800 4104 lnmsre.
823 4056 885 4103 Ver·
917 4054 1105 4121 Neapolitanus.
1148 4058 1284 4108 Graecorum
1304 4060 1366 4108 eruin
1390 4059 1427 4107 il·

379 4116 435 4165 hum
446 4116 489 4167 hae
501 4120 695 4183 inrepropriunr,
711 4121 749 4168 eui
765 4121 886 4184 opponitur
916 4120 991 4170 lorum
1010 4122 1044 4170 rei
1065 4139 1153 4171 summ
1172 4141 1185 4172 s
1203 4124 1307 4189 Pslaepoli
1323 4122 1427 4189 Neapo-

294 4240 297 4247 Ι
379 4182 632 4233 immutantem.
914 4187 956 4235 lim
974 4186 1055 4235 deinde
1076 4190 1185 4237 translata
1206 4201 1248 4238 err.
1283 4188 1427 4237 Sroomus.

413 4246 435 4279 ὓ·
453 4246 523 4297 Haud
539 4250 641 4313 ignarus]
662 4250 748 4298 Sensus
758 4260 806 4299 est:
826 4249 883 4299 Pro·
915 4252 999 4301 Foedus
1024 4266 1108 4317 nempe
1130 4252 1306 4319 Neapolitahum
1326 4253 1355 4299 iis
1382 4251 1427 4300 ls-

380 4308 490 4358 urionem
514 4314 631 4377 Palaepolis
659 4316 697 4363 alii
720 4315 885 4381 Paiaepoiitsnis
914 4317 979 4378 gibus
1005 4314 1077 4366 ictum
1105 4331 1164 4377 erat,
1195 4337 1247 4384 quse
1276 4317 1428 4368 veniendum

380 4374 517 4433 tucioribus,
532 4412 534 4417 ,
550 4380 587 4427 alii
616 4379 756 4429 Samnitibus
785 4382 884 4431 suetori-
915 4392 995 4445 sponte
1015 4381 1040 4429 in
1062 4383 1184 4433 amicitiam
1200 4381 1284 4450 po'tirrs,
1307 4398 1377 4448 quum
1398 4384 1428 4431 vi

380 4436 423 4484 hm
439 4436 521 4487 fstrsnr
540 4458 589 4491 esse
607 4446 757 4496 tradiderunt.
788 4446 840 4507 Me,
858 4458 885 4495 m
915 4459 955 4496 sm
974 4447 1055 4496 -slisaa
1083 4450 1213 4519 proditione
1240 4449 1332 4501 dorum
1352 4448 1429 4501 urta

382 4500 548 4566 Palaepolitanis
561 4507 655 4558 ducibus
672 4510 757 4561 faram
773 4526 823 4561 esse
833 4528 884 4562 ere-
914 4512 1057 4567 ridereanu.
