3175 5200
374 385 433 441 263
560 389 565 402 '
756 373 997 437 mmmvn

183 572 185 577 ·
208 552 281 604 ttc.
293 553 349 605 aaa
376 536 574 619 consulteque
589 536 783 600 commissum
806 544 864 615 est,
883 555 945 596 non
959 532 1234 597 subsidiislirmata
1248 532 1326 613 acie,
1350 552 1414 597 non

191 696 193 701 .
213 621 242 669 Α·
253 618 349 669 (7470·
378 626 479 707 equite
494 635 566 708 apte
584 624 696 703 locato,
712 642 890 685 concursum
906 632 963 683 est.
983 620 1097 683 clamor
1110 620 1259 691 iudicium
1280 621 1415 703 primum

378 712 445 791 fuit,
462 732 521 793 quo
536 711 776 772 resinclinatura
787 720 877 771 esset.
903 707 1064 769 excitatior
1086 708 1276 790 crebriorque
1286 708 1326 769 ab
1338 708 1414 770 hos·

379 810 411 862 te
433 798 586 875 sublatus;
610 798 649 859 ab
665 795 813 858 Romanis
829 796 977 873 dissonus,
992 794 1090 876 inpar,
1105 796 1227 876 segnius
1238 794 1250 833 ‘
1262 814 1341 878 sape
1354 794 1413 856 ite·

212 890 351 969 memmae
380 896 473 963 ratus,
495 878 800 947 ⁷⁸incerto.climore
825 882 959 965 prodidit
981 901 1124 964 pavorem
1154 882 1333 944 animorum.
1366 878 1415 943 Eo

92 1012 97 1018 -
214 956 320 1007 nm·
381 973 512 1035 lerocior
530 971 642 1034 inlatus
657 970 764 1049 hostis,
778 990 885 1051 urgere
900 969 1003 1047 scutis,
1028 967 1142 1029 micare
1156 967 1286 1050 gladiis:
1317 966 1416 1029 altera

381 1070 522 1143 exparte
542 1069 654 1121 nutant
677 1056 998 1140 circumspectantibus
1022 1054 1126 1136 galeas,
1153 1065 1185 1115 et
1198 1054 1305 1117 incerti
1319 1054 1415 1137 trepi-

271 1166 273 1175 ’
381 1146 467 1224 dant,
483 1146 697 1229 adplicantque
721 1166 753 1205 se
768 1143 876 1207 turbe.
913 1139 1009 1224 Signo
1032 1161 1114 1203 nunc
1134 1136 1304 1203 insistentia
1325 1140 1413 1201 dese-

381 1244 488 1295 runtur
502 1234 541 1294 ab
555 1232 773 1315 antesignanis,
798 1250 879 1292 nunc
900 1229 979 1291 inter
998 1248 1067 1289 suos
1081 1228 1253 1310 manipulos
1263 1226 1411 1310 recipiun-

381 1333 443 1382 tur.
467 1320 600 1381 nondum
626 1318 699 1401 luga
723 1315 973 1396 certa,.nondum
983 1315 1111 1376 victoria
1131 1326 1207 1377 erat.
1229 1315 1292 1397 tegi
1315 1312 1413 1394 magis

381 1404 548 1484 Romanus,
570 1404 662 1487 quam
697 1424 842 1489 pugnare.
886 1401 1013 1464 Volscus
1039 1400 1147 1464 inferre
1183 1401 1281 1484 signa,
1308 1418 1415 1482 rugare

381 1493 491 1570 aciem,
501 1492 568 1575 plus
580 1492 668 1555 cedis
684 1492 818 1553 hostium
832 1489 944 1568 videre,
956 1509 1047 1570 quam
1063 1485 1151 1571 fuga.

424 1576 602 1641 XXXVIII.
627 1576 699 1641 Jam
737 1577 877 1639 omnibus
912 1576 988 1638 locis
1025 1575 1167 1638 creditur.
1210 1575 1417 1657 nequidquam

384 1661 565 1747 Sempronio
581 1665 703 1727 consule
729 1663 910 1746 objurgante
932 1674 1023 1743 atque
1037 1662 1188 1739 hortante,
1199 1662 1273 1723 nihil
1285 1682 1343 1724 nec
1358 1663 1418 1724 im·

384 1752 512 1833 perium,
537 1773 595 1814 nec
617 1750 759 1833 majestas
775 1752 917 1813 valebat:
944 1750 1075 1831 dataque
1096 1769 1167 1811 mox
1179 1760 1264 1830 terga
1278 1748 1417 1810 hostibus

385 1837 495 1917 forent,
515 1838 547 1900 ni
563 1836 634 1901 Sex.
648 1836 845 1921 Tempanius,
862 1840 888 1883 ⁷⁴
899 1836 1022 1898 decurio
1047 1836 1187 1915 equitum,
1210 1834 1330 1897 labente
1345 1833 1416 1917 jam

385 1944 428 2002 re,
441 1926 581 2008 praesenti
603 1925 706 1987 animo
729 1924 925 1987 subvenisset.
949 1923 1105 2004 quiquam
1129 1940 1240 2003 magna
1257 1942 1333 1983 uoce
1357 1942 1416 1984 ex-

385 2011 555 2091 clamasset,
579 2012 590 2045 ‘
604 2022 638 2075 ut
653 2012 780 2093 equites,
789 2012 841 2092 qui
861 2010 975 2072 salvam
989 2008 1204 2091 rempublicam
1214 2006 1324 2069 vellent
1336 2028 1416 2085 esse,

385 2097 396 2130 ‘
411 2120 450 2161 ex
463 2098 548 2181 equis
563 2098 723 2162 desilirent
730 2092 756 2176 ς’
776 2098 911 2159 omnium
927 2108 1092 2158 turmanrm
1107 2094 1265 2177 equitibus,
1279 2094 1361 2157 velut
1375 2094 1419 2156 sd

221 2204 316 2267 equite
386 2186 516 2247 cons'ulis
526 2186 684 2268 imperium
697 2185 799 2263 motis,
809 2187 837 2230 ⁷⁸
848 2184 858 2218 ‘
869 2182 937 2245 Nisi
948 2181 1153 2263 haec,'.inquit,
1163 2182 1172 2215 ‘
1184 2193 1300 2242 armata
1309 2182 1421 2242 cohors

219 2286 317 2347 luem
386 2272 500 2335 ‘sistat
525 2272 660 2356 inpetum
679 2272 836 2350 hostium,
851 2283 954 2333 mmm
969 2270 1007 2331 de
1026 2268 1154 2350 imperio
1178 2282 1235 2330 est.
1253 2264 1424 2348 Sequimini

222 2344 354 2384 '‘mmm“
387 2358 469 2441 ‘pro
487 2358 597 2423 vexillo
618 2360 771 2442 cuspidem
787 2378 898 2421 meam.
913 2356 1065 2419 ostendite
1076 2353 1221 2417 Romanis
1235 2350 1425 2436 Volscisque,

386 2446 398 2480 ‘
413 2466 509 2527 neque
521 2445 669 2529 equitibus
677 2446 762 2507 vobis
771 2445 848 2507 ullos
860 2443 986 2526 equites,
1000 2464 1055 2504 nec
1070 2441 1295 2525 peditibusessc
1305 2442 1425 2524 pedites

387 2528 520 2614 ‘pares’
556 2531 658 2604 Quum
673 2532 806 2593 elamore
832 2532 1031 2615 comprobate
1044 2528 1220 2591 adhortatio
1230 2540 1319 2606 esset,
1340 2528 1427 2590 vadit

386 2616 450 2680 alte
461 2619 619 2700 cuspidem
636 2639 755 2701 gerens.
782 2639 972 2700 quecumque
985 2617 1139 2694 incedunt,
1154 2616 1274 2678 viriam
1289 2615 1425 2678 faciuntt

385 2722 467 2765 cose
483 2703 616 2766 inserunt
631 2703 760 2786 objectis
773 2705 898 2787 parmis,
912 2705 964 2766 ubi
978 2723 1101 2766 suorum
1115 2703 1278 2786 plurimum
1289 2702 1424 2764 laborem

385 2788 499 2850 vident.
523 2789 690 2852 restituitur
712 2791 853 2853 omnibus
875 2790 951 2852 locis
965 2811 1078 2874 pugna,
1104 2790 1137 2851 in
1152 2810 1217 2870 qim
1239 2809 1290 2852 eos
1303 2790 1424 2870 iupetus

385 2875 477 2937 tulit:
505 2895 563 2936 nec
583 2874 707 2937 dubium
720 2887 797 2952 erat,
812 2876 895 2957 quin,
925 2878 951 2938 si
969 2888 1035 2939 tam
1049 2876 1139 2960 pauci
1153 2876 1243 2938 simul
1255 2874 1335 2938 obire
1353 2895 1423 2936 om-

385 2961 438 3022 ni’a
448 2971 584 3044 possent,
604 2973 692 3042 terge
704 2960 804 3023 daturi
815 2962 918 3024 hostes
933 2962 1053 3026 hierint
1318 2981 1324 2988 ·

428 3045 580 3110 XXXIX.
600 3045 642 3110 Et
663 3067 757 3129 quum
777 3047 844 3129 jem
870 3060 958 3132 parte
992 3050 1076 3112 nulla
1104 3050 1333 3129 sustinerentur,
1372 3047 1427 3111 dat

384 3137 505 3218 signum
533 3137 559 3182 ⁷⁶
576 3132 731 3197 Volscus¹
752 3134 930 3218 imperator,
953 3150 988 3199 ut
1012 3138 1170 3219 permotis,
1197 3158 1280 3199 nova
1306 3136 1427 3201 cohorti

384 3223 530 3301 hostium,
552 3222 637 3285 locus
664 3221 764 3300 detur,
779 3221 878 3284 donec
893 3221 1000 3305 inpetu
1015 3223 1102 3286 inlati
1122 3225 1160 3285 ab
1175 3225 1236 3284 suis
1258 3220 1424 3285 excludan-

385 3321 444 3372 tur.
458 3309 558 3390 ¹Quod
583 3309 634 3372 ubi
660 3319 706 3371 est
730 3307 858 3387 factum,
874 3309 1031 3372 interclusi
1046 3309 1184 3392 equites:
1207 3330 1262 3372 uec
1292 3329 1429 3392 perrum-

384 3417 455 3478 pere
480 3397 599 3474 eadem‚
624 3416 684 3478 que
703 3396 899 3476 uarrsierant,
921 3417 1036 3480 poese3
1065 3397 1114 3459 ibi.
1134 3396 1267 3459 maxime
1281 3395 1425 3460 confertis

467 3533 500 3576 ’Ν-
578 3538 665 3606 ‘regnis
675 3541 748 3593 Gron.
761 3542 831 3594 Cres.
1046 3543 1150 3594 erote·
1158 3546 1235 3595 Gron.

380 3656 461 3724 prino,
479 3667 582 3706 securus
592 3669 617 3706 et
626 3659 722 3708 rotrude
732 3659 791 3712 fluet
804 3657 889 3710 mre:
953 3660 977 3698 ⁷⁴
992 3658 1208 3726 meumes]
1221 3659 1429 3710 'l'nrueindeeu-

314 3737 320 3750 ·
382 3718 890 3786 Pmuoffuooatsnpmutmeom
922 3725 1430 3792 montetum.·necu1toep=tsctm

381 3787 479 3849 alteque
504 3789 636 3836 minem
661 3799 700 3851 eu,
725 3807 769 3838 non
794 3792 893 3840 mbeidib
923 3792 1044 3841 vocabum
1053 3792 1153 3844 decurio.
1303 3848 1306 3853 ⁴

375 3851 892 3918 fimoamequiuoptelooomelouor
954 3856 976 3894 ⁷⁵
993 3856 1335 3920 Num....mastm]
1360 3857 1431 3919 lngo·

383 3919 892 3984 impanoajbufflnmtmtimen
922 3922 1265 3986 mmmmm
1301 3925 1433 3986 Siccaeq.

383 3991 441 4031 met.
486 4003 490 4012 ¹
927 3987 958 4035 Ut
981 3991 1097 4053 meroem,
1120 4003 1179 4037 ecoe
1216 3989 1299 4039 mures·
1331 3989 1433 4038 testu.

338 4081 345 4096 .
415 4048 438 4084 ⁷³
454 4047 541 4097 luceru
556 4047 659 4114 ebora]
675 4047 739 4097 Ferri
755 4063 802 4098 uon
818 4061 893 4113 potest
925 4053 1022 4115 Equites
1038 4069 1084 4102 non
1095 4052 1434 4120 mursamrlmeedper·

386 4109 633 4176 Chnor....prcrltdit
642 4118 723 4163 incerto
734 4115 833 4163 clarore.
845 4115 893 4164 lta·
924 4132 973 4168 mu
986 4120 1229 4184 gerebamrotrmdn,
1245 4121 1376 4172 levioresac
1386 4119 1434 4168 mi·

385 4185 453 4250 taque
463 4178 500 4226 vel
512 4179 559 4227 duo
570 4183 621 4250 hyse
638 4192 751 4246 poserem
765 4179 833 4228 verba
843 4197 894 4229 om·
924 4186 1071 4234 nomenis
1080 4184 1217 4250 clypeisque.

385 4241 664 4314 prnodelendaeunr,vel
678 4261 719 4309 pro
733 4246 761 4294 iis
771 4244 894 4307 legendum
956 4244 979 4285 ⁷⁶
999 4247 1083 4298 Velm
1104 4243 1331 4316 inperatd'Vulgo
1349 4249 1436 4300 tonse

385 4313 490 4378 murtru-
524 4307 670 4386 Cipum...
684 4311 792 4376 dimam,
811 4311 894 4375 inpar,
926 4313 1435 4380 Correximusersoctorimtequstuorldss.

386 4371 464 4428 νέω,
483 4384 536 4438 μμ
552 4383 652 4436 tumens,
678 4377 774 4426 ineatur
798 4380 895 4440 medidie
926 4394 940 4426 a
964 4376 1080 4428 Gronoeio
1106 4396 1294 4443 memoratorum,
1319 4382 1391 4430 trium
1406 4381 1437 4429 ab

383 4436 621 4493 P‘Wssfiflmra.
653 4441 730 4491 Erue
746 4444 894 4510 promedi-
927 4442 1048 4506 uenio,
1064 4447 1438 4510 qmbmcmmtmmhu·

387 4495 567 4563 ditcamprnue.
925 4508 1179 4579 mmmm
1277 4569 1283 4576 ἢ
