3175 5200
388 337 449 396 582
805 333 890 398 um
908 333 1010 396 nvn
1072 395 1078 402 ,

219 473 361 596 {gg}
389 507 480 571 quum
491 488 714 551 subclamatum
725 500 821 566 essen
845 488 980 571 ‘duplici
1001 489 1123 572 quidem
1142 488 1381 568 vauo,etfossr,
1396 499 1439 552 et

352 579 361 597 '
390 575 516 636 ‘tumen
526 576 559 636 in
568 575 685 657 ingenti
700 586 784 638 metu
794 595 877 638 esse:
892 576 1010 639 hebetis
1024 574 1136 658 igitur}
1151 576 1259 656 inquit,
1273 576 1437 640 ‘adfatim

388 659 400 694 ‘
415 660 577 742 lignorum.
592 661 699 739 redite,
713 673 745 724 et
754 662 854 724 vellite
863 659 996 726 vellum!
1039 661 1180 724 Redeunt
1191 663 1223 724 in
1234 674 1345 741 eastre,
1360 674 1439 729 ter-

388 756 548 826 roremque
563 747 616 824 ibi,
630 746 772 810 vellentes
786 748 909 826 vallum,
924 763 957 812 et
970 748 1019 826 iis,
1038 749 1089 829 qui
1104 749 1137 810 in
1150 749 1257 812 castris
1268 769 1436 820 murense-

389 842 461 894 rant
468 842 494 908 ¹,
509 832 665 911 militibus,
680 843 710 894 et
724 834 780 915 ipsi
791 833 894 916 Appio
905 835 1052 896 fecerunt.
1085 832 1166 896 'liam
1181 856 1239 916 pro
1251 856 1285 898 se
1298 837 1437 919 quisque

389 916 442 978 alii
458 917 525 978 aliis
539 917 652 998 dicere,
666 919 818 982 ‘consulis
830 941 863 982 se
877 919 917 990 Q.
929 919 1015 982 Fabii
1034 920 1132 982 faeere
1146 919 1254 1001 jussu!
1297 918 1436 986 Postero

390 1001 462 1064 inde
478 1003 527 1064 die
542 1016 640 1068 eastre
651 1015 745 1082 motu,
757 1016 790 1068 et
803 1005 920 1089 Appius
930 1017 1042 1088 pretor
1052 1005 1183 1068 Romam
1193 1007 1342 1070 dimissum.
1349 1007 1436 1071 inde

390 1109 540 1170 nusquam
553 1091 663 1154 stativa
685 1090 830 1154 Romanis
852 1093 942 1154 fuere.
965 1093 1099 1174 negabat
1112 1092 1187 1156 utile
1201 1114 1278 1171 esse,
1290 1107 1358 1156 ’uno
1371 1093 1434 1157 lo-

391 1195 430 1238 co
444 1175 548 1238 sedere
562 1177 727 1240 exercitum
741 1200 749 1239 z
773 1178 930 1241 itineribus
944 1200 980 1242 ac
994 1180 1164 1242 mutatione
1177 1179 1311 1242 locorum
1322 1183 1349 1220 ⁰⁵
1358 1200 1431 1242 no-

391 1260 529 1324 biliorem
551 1283 588 1326 ac
609 1263 804 1327 salubriorem
826 1285 901 1328 esse.
922 1265 1036 1329 fiebant
1057 1277 1160 1328 autem
1175 1265 1294 1342 itinera,
1309 1275 1436 1346 quanta

391 1345 456 1408 fieri
470 1347 588 1412 sinebat
603 1350 699 1413 hiems
720 1351 874 1414 hauddum
888 1362 1006 1414 exacte.
1049 1348 1130 1414 Vere
1151 1351 1222 1413 inde
1243 1352 1352 1434 punio,
1375 1371 1434 1414 re·

392 1432 466 1497 licta
481 1437 614 1498 secunda
628 1437 746 1518 legione
757 1438 797 1498 ad
811 1440 837 1478 ⁹⁶
849 1436 994 1516 Cluuium,
1014 1437 1097 1520 quod
1110 1436 1259 1500 camum
1277 1438 1352 1499 olim
1369 1435 1438 1498 sel·

221 1527 351 1646 mno-
391 1520 563 1669 fflhbant’·
590 1524 811 1670 praeqositoquq
838 1523 944 1670 saquis
967 1522 1007 1671 ἐι.
1030 1521 1261 1672 bSecrl'lpiouedqrro
1286 1534 1441 1624 pretore,

221 1662 379 1776 ffimmfff
390 1625 673 1775 spoffttflgugtsquiaa
697 1621 864 1756 ligitium?
879 1631 976 1775 lilius
988 1631 1031 1756 ein
1052 1621 1442 1778 cobsggctiiteriltteqtiffi

221 1793 251 1842 ts
261 1791 330 1842 bebo.
392 1791 537 1858 qnantum
561 1799 626 1841 esse
648 1779 735 1842 sumre
756 1779 926 1842 crediderat
933 1802 945 1857 3
967 1781 1030 1842 sive
1050 1780 1314 1843 senatusconsulto
1339 1780 1443 1842 adei·

392 1875 452 1926 tus.
468 1884 540 1924 nam
559 1864 590 1928 iu
609 1875 768 1944 utrumque
788 1877 927 1927 auctores
941 1877 1020 1928 sunt.
1061 1864 1112 1928 Ab
1125 1864 1186 1948 Ap.
1200 1863 1331 1926 Claudio
1347 1885 1444 1946 prar-

392 1961 460 2012 tore
473 1961 637 2014 retractum
652 1949 775 2030 quidam
789 1950 882 2012 videri
894 1950 1013 2026 volunt3
1034 1971 1126 2030 quum
1136 1951 1169 2012 in
1180 1960 1286 2011 senatu
1297 1962 1334 2011 et
1344 1950 1445 2032 apud

392 2034 539 2118 populum
565 2033 609 2114 (id
624 2035 705 2118 quod
719 2057 772 2119 per
785 2035 887 2098 literas
910 2036 1029 2098 assidue
1047 2035 1173 2116 iecerat)
1193 2047 1340 2098 terrorem
1356 2037 1441 2098 belli

392 2120 511 2185 Etrusci
523 2133 665 2203 augeret:
682 2121 761 2187 ‘uon
776 2121 981 2187 sublecturum
996 2122 1106 2183 ducem
1120 2141 1225 2199 unum,
1238 2141 1295 2183 nec
1309 2123 1442 2184 exerei-

392 2207 485 2270 ‘tum
500 2228 604 2287 unum,
619 2207 758 2272 adversus
770 2218 899 2288 quatuor
914 2207 1053 2291 populos.
1095 2210 1121 2254 ²⁷
1134 2204 1335 2268 Periculosum
1349 2227 1443 2286 esse,

391 2291 480 2356 ‘sive
491 2291 590 2378 juncti
604 2315 697 2358 uuum
713 2306 863 2382 premant,
885 2295 946 2356 eive
960 2294 994 2356 id
1008 2293 1114 2356 diverm
1127 2305 1236 2375 germt
1249 2291 1371 2370 bellum,
1388 2313 1441 2356 ue
1544 2358 1551 2383 1

392 2379 406 2413 ‘
420 2379 574 2448 adomnia
584 2379 673 2444 simui
683 2381 765 2445 obire
776 2399 852 2442 unus
862 2400 925 2441 non
937 2379 1044 2463 possit.
1085 2377 1171 2442 Duas
1185 2400 1220 2442 se
1238 2378 1280 2440 ibi
1290 2377 1439 2460 legionen

391 2465 406 2498 ‘
421 2463 574 2532 Romanus
589 2467 762 2548 reliquisse:
785 2478 817 2527 et
828 2465 926 2526 minus
937 2466 1068 2548 quinque
1082 2465 1179 2529 millia
1191 2463 1325 2548 peditum
1334 2465 1439 2544 equi·

391 2553 409 2586 ‘-
418 2561 542 2635 tumque
554 2573 623 2617 cum
636 2549 729 2615 Fabio
738 2553 865 2615 venisse.
875 2552 932 2613 sibi
942 2551 1072 2634 placere,
1087 2549 1121 2614 P.
1131 2549 1260 2615 Decium
1272 2549 1442 2617 consulem

391 2638 405 2671 ‘
418 2640 516 2719 primo
531 2660 650 2721 quoque
665 2650 801 2721 tempore
815 2639 847 2701 in
860 2636 1013 2701 Etruriam
1031 2638 1072 2701 ad
1091 2637 1240 2719 collegam
1257 2636 1443 2719 proficisci:

390 2720 453 2785 ‘la
465 2721 628 2786 Volumnio
643 2720 801 2785 Somnium
837 2724 1000 2785 rovincism
1015 2722 1090 2785 dari.
1127 2720 1161 2784 Si
1176 2722 1280 2785 consul
1295 2721 1393 2793 malit
1403 2722 1443 2787 in

390 2808 402 2842 ‘
417 2828 500 2871 suam
515 2808 699 2891 provinciam
723 2808 777 2886 ire,
820 2808 986 2871 olumnium
1001 2808 1033 2869 in
1047 2806 1198 2871 Etnuiam
1212 2807 1253 2869 ad
1267 2806 1443 2876 consulem

383 2895 402 2928 ‘⁴
417 2914 487 2957 cum
509 2894 642 2957 exercitu
662 2894 747 2980 justo
768 2894 918 2956 consulari
942 2890 1113 2976 proficisci?
1157 2891 1259 2965 Quum
1277 2912 1439 2973 magnam

392 2992 511 3063 partem
527 2992 661 3043 moveret
675 2980 774 3043 oratio
792 2979 939 3061 praetoris,
959 2976 993 3041 P.
1003 2976 1133 3042 Decium
1151 2976 1303 3041 censuisse
1316 2974 1439 3057 scunt,

393 3078 429 3128 ut
447 3068 550 3131 omnia
569 3068 687 3148 integro
712 3088 747 3129 ao
771 3066 867 3137 libera
884 3065 923 3136 Q.
932 3062 1027 3131 Fabio
1050 3074 1247 3140 servareutru,
1268 3060 1370 3127 donec
1385 3062 1440 3125 vel

394 3154 509 3237 ipse,si
525 3153 788 3239 percommodum
809 3151 978 3235 reipublice
1000 3162 1114 3231 posset,
1135 3148 1266 3211 Romam
1288 3147 1441 3227 venisset,

388 3240 441 3301 'vel
453 3240 584 3322 aliquem
599 3261 638 3302 ex
651 3239 759 3321 legatis
771 3238 920 3314 misisset3
944 3257 963 3298 a
977 3258 1037 3317 quo
1048 3236 1179 3301 disceret
1186 3244 1319 3311 senatus,
1330 3254 1439 3315 quan-

394 3336 461 3389 tum
476 3326 508 3387 in
522 3326 642 3389 Etruria
656 3325 727 3389 belli
742 3336 833 3404 esset,
848 3323 1025 3409 quantisque
1040 3320 1310 3386 administrandum
1321 3320 1441 3403 copiis,

391 3422 428 3475 et
442 3424 516 3495 quot
552 3434 584 3474 er
599 3412 689 3475 duces
704 3422 794 3473 esset.

317 3550 342 3575 e·
436 3434 553 3559 XXVl.
577 3496 697 3574 Fabius,
711 3508 746 3559 ut
760 3496 890 3558 Romam
905 3495 1006 3573 rediit,
1030 3504 1062 3556 et
1085 3493 1117 3555 in
1131 3503 1240 3555 senatu
1249 3502 1281 3555 et
1293 3490 1437 3574 produc-

359 3588 442 3665 ’ως
460 3584 499 3646 sd
525 3584 669 3672 populum
684 3583 817 3647 madiam
832 3582 1000 3645 orationem
1022 3579 1141 3657 habuit,
1165 3590 1200 3641 ut
1224 3597 1281 3645 nee
1303 3596 1435 3660 augere,

391 3662 602 3745 necminnere
623 3670 777 3735 videretur
798 3668 869 3731 belli
892 3667 1024 3743 fsmsm3
1048 3666 1205 3749 magisque
1215 3664 1247 3727 in
1260 3663 1358 3725 altero
1371 3662 1436 3727 ud·

391 3744 541 3824 sumendo
561 3758 641 3827 tluce
664 3756 788 3819 alionum
811 3752 964 3839 indulgere
988 3752 1101 3830 timori,
1124 3770 1215 3832 quam
1230 3768 1284 3813 suo
1297 3757 1352 3809 snt
1367 3748 1438 3813 rei-

391 3848 521 3933 publicae
535 3837 851 3935 periculeconsulere.
868 3840 1032 3918 ‘cescum
1054 3838 1080 3900 si
1103 3836 1161 3903 sibi
1177 3834 1342 3919 adjutorem
1353 3833 1439 3902 belli

552 3982 814 4062 emmim,
1077 4008 1089 4045 t
1106 3990 1268 4049 morer.

423 4125 897 4219 summouentem
923 4130 1154 4246 tanqum·
1170 4130 1229 4206 uer
1244 4132 1440 4203 svam

392 4212 567 4265 'tiochuicloco
576 4209 691 4255 videretur
704 4202 896 4265 memsam,
927 4200 1024 4249 rursu
1046 4208 1131 4249 event.
1161 4193 1260 4271 Videtur
1278 4204 1333 4242 tnnc
1348 4192 1374 4239 ul
1391 4208 1442 4260 ορ.

396 4276 421 4325 td
437 4289 482 4342 ert,
497 4274 639 4349 eelerioqenq
656 4269 788 4317 habiliorem
803 4266 832 4313 ati
847 4277 898 4313 tuo-
927 4264 1004 4333 pidum
1024 4263 1160 4329 rppdlrum
1182 4260 1252 4307 mune
1274 4256 1377 4307 M
1401 4272 1443 4306 ns-

394 4340 569 4457 gitium
586 4338 696 4385 rurum
713 4332 738 4382 in
756 4328 901 4383 moestu.
932 4336 1149 4439 &qvem
1165 4386 1221 4450 a]
1246 4384 1326 4447 ΜΨ
1344 4400 1377 4435 α
1397 4384 1443 4435 u.

426 4460 903 4528 incommemoratum·
932 4451 1344 4520 summersa-etquicunq-
