3175 5200
267 367 270 374 ¹
359 391 398 447 st
783 379 867 440 'l'l'l'l
886 376 987 440 LlVll

192 540 315 620 tepiditas
360 539 474 604 cletum
498 542 559 605 re‘
587 541 783 621 Patribusque
815 550 874 617 est,
908 538 940 600 iu
969 545 1073 600 monte
1101 535 1235 598 Albano·
1252 523 1402 620 lapidibus

189 605 339 724 fflgw
358 627 480 710 pluisse.
574 629 615 692 od
630 647 722 711 quum
748 623 904 687 creditrix
925 636 1040 708 posset,
1065 621 1164 686 missis
1189 623 1230 685 ad
1256 623 1288 684 id
1301 623 1403 684 visen·

190 742 224 784 s..
358 713 431 774 durn
454 715 637 798 prodigium,
669 714 701 774 in
727 723 903 794 conspectu,
928 711 1049 773 ”baud
1079 710 1167 773 aliter
1192 727 1283 791 quam
1309 729 1401 790 quum

358 800 537 880 grandinem
550 799 632 862 venti
648 799 847 879 glomeratam
870 798 901 859 in
916 809 1011 860 terras
1025 808 1132 879 agunt,
1154 796 1250 858 crebri
1265 794 1401 858 cecidere

358 886 437 948 coelo
451 886 576 970 lapides.
619 883 684 946 Viai
704 885 797 948 etiam
820 883 924 946 audire
943 903 1052 946 vooem
1073 883 1230 966 ingentem
1253 903 1291 944 ex
1317 901 1401 943 sum·

357 972 401 1032 mi
427 973 592 1033 cacuminis
620 972 699 1052 luco,
727 983 763 1034 ut
789 971 888 1054 patrio
916 971 976 1034 ritu
1000 971 1091 1032 'sacra
1113 969 1226 1032 Albani
1255 969 1403 1046 facerent,

358 1075 433 1136 quar,
457 1057 539 1121 velut
552 1053 621 1120 Diis
636 1077 755 1140 quoque
777 1057 866 1118 simul
890 1078 959 1119 cum
985 1057 1086 1140 putria
1107 1057 1231 1136 relictis,
1255 1055 1400 1118 oblivioni

358 1141 525 1205 dederantr
552 1154 585 1206 et
608 1155 661 1207 eut
677 1143 819 1206 Romana
842 1164 930 1206 sacra
954 1154 1159 1226 susceperant,
1182 1154 1236 1204 aut
1262 1140 1399 1220 fortunae,

356 1235 391 1288 ut
406 1228 452 1306 fit,
475 1231 602 1309 obirati,¹
617 1229 732 1294 cultum
755 1230 940 1312 reliquerant
953 1229 1077 1296 Deum..
1109 1227 1256 1290 Romanis
1280 1247 1399 1309 quoque

357 1314 527 1379 abeodem
551 1315 691 1399 prodigio
723 1315 1054 1397 novemdialesacnrm
1079 1314 1199 1397 publice
1227 1325 1399 1396 susceptum

357 1411 425 1463 estr
455 1423 506 1464 seu
536 1423 611 1464 voce
641 1404 756 1465 coelesti
786 1425 826 1466 ex
851 1403 973 1466 Albano
995 1411 1100 1464 monte
1127 1401 1227 1479 missa,
1259 1398 1343 1479 (nam
1368 1399 1400 1461 id

292 1503 297 1508 ’
357 1505 474 1635 tlt?
490 1486 1072 1657 ltdillttttffltlgll
1088 1483 1399 1635 tillidimdii

455 1619 465 1651 2
1280 1618 1291 1650 2

354 1679 409 1740 per
422 1679 530 1722 novem
553 1661 617 1722 dios
640 1597 810 1744 sgogrenrur.
854 1657 948 1722 Haud
973 1661 1019 1720 ita
1039 1659 1137 1722 multo
1162 1670 1233 1741 post
1253 1657 1399 1741 pestilen÷

355 1743 400 1805 tia
426 1745 595 1809 laboratum
620 1759 676 1810 est.
700 1748 779 1809 unde
806 1766 897 1829 quum
926 1745 1049 1828 pigritia
1077 1743 1229 1807 militandi
1259 1743 1398 1820 oriretur,
1428 1775 1431 1780 ·

354 1831 438 1892 nulla
451 1836 610 1896 tamenab
633 1834 723 1896 armis
746 1835 830 1916 quies
852 1833 981 1894 dabatur
1001 1831 1043 1893 ub
1063 1830 1209 1893 bellicoso
1230 1849 1322 1912 rege3
1347 1830 1397 1890 sa·
1454 1828 1459 1836 ’

355 1915 485 1980 lubriora
511 1920 618 1981 'etiarn
658 1921 802 1984 credente
830 1919 947 1982 militia
989 1939 1080 2001 quum
1119 1917 1214 1994 domi,
1252 1914 1397 1998 juvenum

355 2019 482 2087 corpora
505 2024 590 2067 esser
616 2008 712 2069 donec
737 2007 802 2090 ipse
827 2027 945 2090 quoque
965 2005 1132 2086 longinquo
1153 2003 1261 2065 morbo
1280 2014 1327 2064 est
1348 2001 1397 2062 in-

187 2107 323 2159 rutinor·
354 2089 487 2172 plicitus.
529 2089 618 2154 'func
633 2093 711 2156 adeo
730 2092 819 2156 lrecti
841 2092 930 2154 simul
945 2112 1015 2153 cum
1037 2109 1164 2173 corpore
1187 2101 1261 2152 sunt
1274 2089 1395 2172 spiritus

188 2174 398 2237 oneramini
423 2176 548 2257 feroces,
574 2191 620 2258 ut,
649 2180 699 2261 qui
727 2179 804 2242 nihil
831 2191 903 2240 ante
928 2173 1011 2240 ratus
1043 2188 1124 2238 esset
1147 2175 1245 2238 minus
1270 2175 1397 2256 regium,

353 2264 553 2343 quam‘sacris
580 2266 689 2328 dedere
712 2265 858 2341 animum,
878 2275 1002 2347 repente
1024 2261 1162 2324 omnibus
1184 2261 1303 2342 magnis
1325 2280 1396 2343 par-

310 2379 312 2384 ·
352 2349 456 2431 visque
485 2352 747 2433 superstitionibus
788 2352 937 2416 obnoxius
975 2351 1108 2431 degeret,
1144 2347 1396 2429 religionibusque

353 2435 446 2496 etiam
460 2437 604 2516 populum
621 2437 758 2518 inpleret.
773 2438 865 2517 vulgo
886 2435 952 2518 jam
974 2436 1113 2497 homines
1128 2455 1197 2496 eum
1219 2444 1333 2496 statrrm
1349 2453 1397 2493 re-

353 2537 429 2596 rum,
454 2520 505 2601 qui
528 2521 587 2580 'sub
610 2519 717 2582 Numa·
736 2541 806 2604 rege
826 2523 935 2601 luerat,
959 2521 1154 2603 requirentes,
1184 2539 1276 2582 unam
1304 2539 1395 2603 opem

336 2604 438 2685 ⁴agria
453 2607 627 2687 corporibus
642 2608 790 2687 relictam,
813 2608 838 2670 si
853 2628 915 2691 pax
927 2607 1074 2689 veniaque
1096 2609 1136 2669 ab
1147 2607 1216 2669 Diis
1231 2607 1396 2692 impetrata

352 2700 441 2769 esset,
456 2691 631 2753 credebant.
676 2691 778 2774 Ipsum
789 2714 892 2774 regem
904 2693 1039 2770 tradunt,
1051 2694 1224 2770 volventem
1239 2712 1395 2756 commen·

352 2775 447 2836 turios
461 2774 579 2857 Numae,
601 2778 757 2859 quunvibi
780 2779 917 2861 quadam
939 2779 1060 2841 occulta
1073 2779 1233 2841 sollemnia
1248 2779 1397 2843 sacrificia

349 2858 419 2922 Jori
425 2858 524 2924 Elicio
532 2863 615 2948 faeta
625 2864 801 2943 invenisset,
814 2868 840 2904 ⁸¹
848 2877 1006 2948 operatum
1021 2865 1070 2925 his
1077 2865 1170 2927 sacris
1183 2885 1216 2926 se
1225 2866 1394 2928 abdidisset

351 2946 405 3009 sed
419 2966 480 3009 non
495 2948 553 3013 rite
569 2950 678 3013 initum
703 2963 756 3014 aut
766 2963 909 3014 ‘caranum
924 2950 957 3012 id
970 2970 1090 3012 sacrum
1112 2971 1198 3027 esse3
1223 2970 1280 3013 nec
1296 2951 1394 3013 solum

351 3031 465 3097 nullum
487 3032 515 3095 ei
538 3036 674 3099 oblatam
693 3037 864 3101 caelestium
887 3037 1030 3120 speciem,
1053 3036 1109 3099 sed
1122 3037 1169 3097 ira
1181 3034 1267 3098 Jovis
1280 3036 1395 3098 sollici·

349 3119 407 3180 tati
423 3140 515 3203 prava
530 3122 684 3203 religione,
699 3122 826 3186 fulmine
846 3124 942 3186 ictum
953 3144 1023 3184 cum
1035 3123 1127 3184 domo
1141 3125 1168 3163 ³¹
1179 3120 1393 3204 conflagrasse.

348 3202 454 3267 'llrllus
469 3228 584 3289 magna
597 3208 695 3289 gloria
708 3208 779 3271 belli
794 3210 932 3288 regnavit
947 3229 1044 3270 annos
1058 3208 1132 3269 duos
1147 3221 1179 3270 et
1194 3209 1331 3290 triginta.

183 3283 322 3340 ΜΝ·
390 3290 525 3359 XXXII.
548 3292 674 3356 Mortuo
695 3292 798 3375 'I'ullq
823 3318 881 3374 res,
907 3306 942 3357 ut
966 3294 1140 3357 institutum
1164 3292 1232 3377 jam
1255 3294 1326 3367 inde
1352 3297 1392 3357 ab

181 3350 317 3405 ΗΜ
347 3374 435 3441 initio
459 3393 535 3459 erat,
559 3391 592 3443 at
616 3380 720 3445 Patres
746 3382 897 3445 redierat:
930 3381 1021 3464 lrique
1047 3382 1228 3463 interregem
1251 3382 1391 3445 nomina·

180 3455 333 3571 gfff*
345 3476 462 3525 verant.
489 3486 549 3551 quo
569 3468 694 3529 comitia
707 3469 851 3548 habente,
874 3467 994 3542 Ancum
1009 3465 1162 3530 Marcium
1176 3488 1277 3549 regem
1292 3489 1391 3551 popu·

179 3585 273 3636 ,pm
346 3548 392 3609 lus
415 3550 547 3611 creavit:
579 3548 683 3612 Patres
708 3552 791 3614 suere
817 3565 967 3617 auctores.
1019 3550 1127 3616 Numa
1141 3552 1280 3637 Pompilii
1309 3554 1389 3635 regis

345 3650 450 3716 nepos,
489 3634 553 3697 filia
581 3647 675 3715 ortus,
704 3636 808 3703 Ancus
822 3636 957 3703 Marcius
986 3651 1062 3701 erat.
1097 3640 1159 3723 qui,
1200 3650 1235 3703 ut
1264 3660 1389 3721 regnare

346 3720 453 3803 coepit,
474 3732 508 3785 et
530 3722 616 3785 avitae
637 3725 740 3806 gloria
756 3746 881 3807 memor,
907 3737 939 3788 et
964 3724 1036 3807 quia
1056 3727 1228 3811 proximum
1251 3748 1388 3810 regnum,

375 3922 508 3975 ³⁰'Haud
528 3926 595 3973 aliter
610 3941 676 3989 quara
694 3941 761 3987 pum
779 3940 851 3989 gma-
883 3924 950 3983 Aaou
969 3926 1059 3975 Mento
1078 3930 1201 3978 menori
1231 3934 1284 3994 elur
1305 3934 1390 3983 adusi.
1477 3956 1482 3964 ·

343 3990 428 4053 dian]
445 3990 476 4039 Er
487 3994 605 4041 rerolraec
616 3990 712 4055 lpsrrer
722 4000 787 4039 eret:
807 4003 851 4037 aet
880 3990 956 4039 buntr
978 3991 1018 4054 qui
1035 4004 1125 4055 captato
1140 4006 1254 4059 tempore,
1276 4013 1322 4060 quo
1339 4011 1389 4047 tur-

344 4052 428 4116 lrp'nles
440 4054 852 4119 illiquidqusmub'ud,qrumgmdo
881 4052 932 4101 bida
952 4070 979 4103 re
997 4057 1121 4119 procellosa
1138 4070 1262 4123 tempestas
1282 4062 1388 4111 saliendiu

344 4117 369 4164 in
391 4118 484 4167 modum
504 4132 529 4169 et
549 4120 728 4184 magnitudinem
750 4118 851 4183 lepidum
881 4132 937 4169 nam
958 4120 1019 4167 circa
1039 4124 1124 4183 regiam
1144 4124 1241 4183 fecerat,
1256 4126 1387 4186 conglobo

343 4181 451 4233 tumus.
880 4183 1003 4232 amicorum
1041 4185 1157 4249 irruperit,
1202 4189 1387 4253 obtmucrtisqua

377 4245 398 4281 ³¹
417 4244 575 4311 'Opmctsm1
600 4251 720 4301 Sacrorum
745 4248 849 4300 verbum·
880 4264 934 4310 rega
952 4264 979 4297 ae
995 4248 1092 4313 moines
1107 4250 1205 4315 filiisque
1229 4252 1291 4315 ejus,
1306 4255 1386 4318 ignem
1505 4260 1512 4277 '

344 4308 463 4372 Vimillm,
483 4310 594 4373 Gema.
604 4318 660 4365 ³39.
677 4316 731 4363 tert
747 4323 849 4377 operatur
882 4314 1032 4377 sliquotlot'u
1049 4314 1136 4363 adibas
1152 4316 1286 4379 subjecerit,
1304 4333 1330 4366 re
1345 4319 1386 4367 de·

344 4376 457 4425 indcrlrr'r.
880 4379 1385 4443 tausinvulpammoremdsmtm‘as

300 4492 307 4509 ,
374 4440 398 4475 ³²
414 4436 573 4556 cousque]
609 4442 716 4509 Phbu·
745 4444 845 4510 serpes
875 4446 993 4513 more
1141 4473 1145 4483 ·

342 4520 388 4569 m,
408 4517 467 4557 reste
512 4504 845 4563 mutuaturum
