3175 5200
387 338 448 395 940
795 320 882 391 'rm
899 318 1000 381 mvn

225 508 259 559 u.
270 504 363 557 uult.
391 486 579 553 curationem
593 486 753 559 intuentes,
769 500 808 543 ne
830 481 862 543 in
877 482 976 565 parvis
994 500 1113 565 quoque
1127 482 1217 545 rebus
1231 480 1426 545 incommode

224 574 363 627 aeut·
392 578 630 652 adversarentur,
655 568 738 633 haud
766 590 840 631 sane
867 569 1033 636 tetendere.
1075 569 1176 641 Quurn
1202 592 1223 632 a
1239 570 1426 654 primoribus

393 664 524 727 civitatis
552 670 668 743 spretus
694 658 791 718 honor
823 668 913 735 esset,
948 655 1099 740 Papirium
1143 656 1427 741 Semproniumque,

393 769 520 833 quorum
535 748 573 809 de
593 743 751 807 consulatu
765 745 791 789 ⁵⁷
798 742 1003 822 dubitabatur,
1016 757 1053 806 ut
1067 766 1105 807 eo
1119 745 1301 826 magistratu
1318 763 1424 827 pamm

286 876 288 879 -
392 838 523 899 solidum
548 832 739 895 consulatum
764 829 932 912 explerent,
953 831 1054 893 censui
1078 832 1197 912 agendo
1218 831 1346 914 populus
1361 828 1424 891 suf·

234 927 236 936 '
393 922 496 1005 fragiis
517 919 660 1003 prefecit.
704 914 851 979 Censores
860 917 905 997 ab
917 938 949 977 re
963 917 1108 1000 adpellati
1122 930 1203 981 sunt.

439 1006 493 1069 tx.
514 1004 596 1069 Dum
618 1006 681 1067 haec
703 1002 809 1065 Roma
840 1013 995 1085 geruntur,
1027 1004 1121 1086 legati
1149 1006 1188 1066 ab
1215 1004 1315 1067 Ardea
1339 1004 1425 1065 veni-

297 1109 303 1121 ·
393 1107 462 1174 unt,
481 1116 537 1177 pro
557 1092 716 1157 veterrima
749 1090 895 1152 societate
920 1102 1125 1172 renovatoque
1161 1090 1272 1161 foedere
1301 1090 1426 1167 recenti,

395 1182 540 1245 auxilium
551 1199 645 1263 prope
661 1198 768 1240 eversae
782 1177 849 1237 urbi
876 1177 1073 1258 inplorantes.
1108 1177 1180 1239 Frui
1200 1198 1328 1259 namque
1338 1197 1425 1259 pace,

282 1318 286 1328 .
395 1270 512 1354 optimo
535 1266 661 1329 consilio
683 1284 757 1324 cum*
774 1263 887 1345 populo
898 1259 1039 1327 Romano
1056 1276 1186 1344 servata,
1209 1286 1262 1348 per
1284 1264 1428 1326 intestina

394 1378 480 1419 anns
493 1375 555 1417 non
579 1352 665 1414 licuit
675 1373 686 1429 ς
711 1370 839 1431 quorum
859 1369 965 1411 caussa
986 1361 1080 1431 atque
1097 1352 1218 1415 initium
1242 1352 1367 1415 traditur
1386 1372 1426 1414 ex

394 1442 560 1507 certamine
587 1438 755 1500 factionum
785 1446 904 1496 ortum:
929 1455 996 1516 quae
1021 1436 1103 1500 fuere
1127 1450 1274 1520 eruntque
1296 1439 1428 1521 pluribus

393 1528 512 1613 populis
527 1524 622 1607 magis
637 1522 741 1600 exitio,
756 1541 848 1603 quam
862 1521 942 1583 bella
956 1534 1095 1604 externa,
1113 1546 1204 1607 quam
1225 1526 1320 1589 fames
1346 1547 1426 1587 mor-

295 1680 298 1689 ,
393 1618 471 1693 bive,
498 1632 621 1696 qunque
641 1610 702 1671 alis
723 1610 754 1670 in
782 1606 883 1669 Deum
909 1608 979 1687 iras,
1001 1612 1084 1673 velut
1105 1612 1214 1674 ultima
1235 1612 1426 1695 publicorum

393 1702 553 1778 malorum,
574 1707 705 1760 vertunt.
748 1692 906 1776 Virginem
931 1695 1040 1777 plebeii
1061 1699 1189 1779 generis,
1209 1699 1341 1761 maxime
1365 1699 1428 1760 lor-

393 1799 570 1862 manotsm,
591 1784 703 1867 petiere
710 1779 859 1863 juvenes:
882 1781 960 1855 alter
979 1782 1085 1865 virgini
1097 1805 1208 1865 genere
1227 1806 1293 1867 par,
1317 1784 1429 1847 tutori-

393 1877 448 1939 bus
464 1874 567 1951 fretus‚
590 1870 642 1951 qui
658 1881 690 1931 et
704 1870 761 1951 ipsi
774 1866 910 1950 ejusdem
925 1871 1057 1951 corporis
1078 1882 1185 1948 erant3
1211 1871 1321 1932 nobilis
1336 1870 1426 1947 alter,

391 1961 528 2037 nullate,
550 1968 748 2042 preterquam
773 1956 882 2034 forma,
910 1968 1027 2038 captus.
1048 1956 1232 2039 adjuvabant
1251 1978 1321 2019 eum
1343 1957 1425 2039 opti-

392 2048 521 2111 matium
536 2045 648 2123 studia,
671 2064 724 2127 per
739 2063 805 2123 quae
819 2043 851 2103 in
867 2042 992 2105 domum
1012 2063 1129 2125 quoque
1148 2044 1253 2127 puella
1272 2054 1426 2106 certamen

390 2135 521 2219 partium
551 2130 731 2215 penetravit.
764 2130 874 2193 nobilis
911 2130 1046 2212 superior
1074 2128 1190 2211 judicio
1219 2130 1322 2193 matris
1351 2150 1428 2207 esse,

390 2242 456 2303 quae
482 2240 573 2303 quarn
611 2216 862 2301 splendidissimis
894 2217 1009 2300 nuptiis
1031 2215 1119 2299 jungi
1144 2216 1275 2299 puellam
1295 2215 1428 2278 volebat.

391 2320 517 2386 tutores,
532 2307 563 2367 in
583 2327 620 2369 ea
634 2325 753 2387 quoque
770 2324 802 2365 re
813 2303 945 2386 partium
959 2324 1119 2382 memores,
1145 2304 1185 2365 ad
1195 2324 1282 2365 suum
1296 2302 1430 2365 tendere.

391 2395 491 2466 Quurn
507 2414 554 2454 res
570 2392 673 2474 peragi
694 2391 774 2451 intra
798 2390 928 2472 parietes
942 2391 1107 2473 nequisset,
1127 2402 1250 2453 ventum
1263 2387 1357 2471 injus
1372 2399 1429 2450 est.

389 2481 547 2563 postulatu
567 2478 672 2539 audito
698 2474 801 2537 matris
819 2488 1025 2558 tutorumque,
1050 2477 1244 2560 magistratus
1265 2475 1429 2539 secundum

387 2565 525 2649 ,parentis
549 2563 705 2628 arbitrium
729 2562 804 2625 dant
831 2561 882 2645 jus
914 2564 1098 2647 nuptiarum.
1128 2565 1182 2628 sed
1204 2565 1248 2627 vis
1274 2563 1450 2648 potentior·

390 2652 456 2714 fuit.
479 2671 610 2731 namque
636 2661 762 2726 tutores,
788 2650 867 2711 inter
895 2670 955 2713 suae
981 2653 1074 2734 partis
1096 2652 1235 2714 homines
1257 2652 1296 2713 de
1321 2649 1432 2732 injuria

391 2737 505 2800 decreti
525 2737 627 2819 palam
657 2735 688 2796 in
709 2730 777 2796 foro·
797 2736 982 2815 concionati,
1004 2758 1097 2798 manu
1120 2738 1204 2802 lacta
1217 2737 1362 2820 virginem
1388 2757 1428 2798 ex

391 2824 483 2886 domo
508 2823 613 2884 matris
636 2819 768 2906 rapiunt.
794 2821 934 2886 adversus
961 2844 1035 2905 quos
1061 2823 1196 2888 infestior
1222 2837 1330 2888 coorta
1349 2825 1431 2906 opti-

378 2911 518 2973 matium
532 2909 613 2971 acies
633 2908 767 2989 sequitur
791 2929 952 2972 accensum
977 2908 1087 2992 injuria
1110 2911 1265 2994 juvenem.
1284 2910 1321 2973 fit
1346 2931 1427 2994 proe-

392 2998 466 3059 lium
491 3007 591 3057 atrox.
624 2992 715 3054 Pulsa
740 2993 837 3074 plebs,
859 2996 935 3058 nihil
961 2995 1108 3060 Romana
1127 2997 1208 3080 plebi
1234 2997 1351 3075 similis,
1383 3019 1432 3058 ar-

392 3095 477 3146 rnats
496 3103 535 3144 ex
557 3081 630 3142 urbe
645 3077 793 3162 profecta,
814 3080 892 3141 colle
917 3083 1050 3161 quodam
1065 3095 1169 3164 capto,
1199 3084 1230 3144 in
1245 3104 1334 3165 agros
1349 3083 1431 3167 opti·

393 3171 523 3234 matium
552 3188 622 3230 cum
646 3167 724 3228 ferro
748 3166 871 3246 ignique
885 3166 1075 3229 excursiones
1095 3167 1179 3230 lacit.
1192 3170 1220 3208 ⁶⁸
1233 3172 1340 3234 urbem
1355 3191 1430 3252 quo-

396 3279 466 3340 que,
501 3255 600 3318 omnis
623 3254 716 3334 ¹etiarn
739 3266 895 3336 expertem
925 3265 996 3316 ante
1018 3255 1200 3335 certaminis,
1237 3257 1433 3320 multitudine

397 3343 542 3429 opificum
561 3343 602 3404 ad
617 3361 701 3425 spem
728 3341 834 3424 praedae
855 3353 992 3419 evocata,
1018 3341 1156 3404 obsidere
1174 3355 1273 3424 parat.
1296 3365 1352 3406 nec
1375 3344 1439 3405 ulla

379 3473 382 3478 ·
398 3432 514 3512 species
528 3428 690 3509 cladesque
702 3427 773 3490 belli
790 3429 876 3489 abest
884 3451 895 3506 3
919 3431 946 3468 ⁸⁹
958 3427 1040 3490 velut
1050 3440 1194 3491 contacta
1209 3430 1333 3494 civitate
1354 3431 1438 3492 rabie

400 3516 527 3577 duorum
550 3513 706 3594 juvenum,
721 3513 856 3576 funestas
871 3514 991 3598 nuptias
1011 3535 1051 3576 ex
1076 3537 1186 3578 occasu
1202 3518 1307 3598 pstriae
1325 3530 1435 3599 peten-

402 3601 489 3664 tium.
534 3598 642 3662 Parum
675 3601 754 3682 parti
788 3601 908 3682 utrique
937 3601 1021 3663 domi
1044 3623 1196 3664 armorum
1232 3604 1361 3684 bellique
1390 3615 1441 3664 est

402 3688 508 3750 visum.
542 3686 704 3771 optimates
740 3686 897 3750 Romanos
932 3688 972 3750 ad
1003 3689 1148 3751 auxilium
1184 3690 1265 3750 urbis
1301 3690 1443 3766 obsessa,

404 3776 489 3859 plebs
520 3775 560 3838 ad
588 3775 951 3858 expugnandam‘secum
973 3774 1106 3837 Ardeam
1129 3774 1257 3838 Volscos
1280 3775 1441 3838 exciverer

812 3899 1035 3949 ‘mamm

437 4006 459 4047 ⁵⁷
482 4007 617 4073 Dubitatur]
659 4007 737 4070 Vulgo
755 4005 912 4055 dubitabatur:
942 4008 1059 4074 prrtieuloe
1076 4025 1167 4073 proque,
1183 4010 1258 4071 otiose
1274 4008 1312 4059 bic
1328 4009 1450 4059 inculcatas

404 4071 507 4126 ridicule.
526 4075 653 4124 Nouenim
663 4074 912 4140 poterattuncracenti
944 4075 1027 4123 merito
1045 4074 1163 4138 displicere
1180 4087 1281 4140 potsunt.
1312 4074 1451 4125 Sorborricm

405 4153 431 4185 re
452 4140 558 4188 dubitari.
589 4139 765 4191 sanavimus
781 4154 811 4185 ex
830 4153 911 4187 unos
943 4141 1096 4189 eodexhabet
1109 4143 1177 4188 omna
1190 4149 1331 4203 stapam
1363 4141 1450 4191 Uberr-

406 4201 473 4262 regils
484 4203 549 4252 codd.
559 4217 584 4254 et
594 4207 696 4255 aditione
709 4203 816 4253 Andreae.
944 4215 981 4254 ter
990 4205 1119 4254 deteramus
1127 4207 1174 4254 siva
1184 4209 1350 4265 adrectiora.
1463 4223 1477 4248 ν

440 4265 461 4298 ⁵⁸
480 4267 799 4334 urnaqumnaoniaa
808 4278 914 4332 exponas
977 4270 998 4306 ⁸⁹
1010 4269 1025 4299 ⁸
1040 4269 1381 4334 Votaroometaetnraumtte]
1392 4271 1452 4320 vd-

406 4337 458 4378 ‹mle
475 4333 608 4400 certaminis]
641 4335 713 4384 Nulla
732 4335 842 4385 nimirum
863 4350 915 4400 pm
945 4334 1005 4383 utsi
1025 4335 1122 4384 duorum
1138 4338 1251 4400 juvenum
1270 4340 1344 4388 rabies
1363 4337 1407 4388 toti
1427 4351 1455 4388 te

408 4395 485 4442 dnum
503 4395 575 4444 adbuc
588 4413 724 4462 pantocrat
739 4402 768 4451 ad
782 4401 873 4462 urbem,
891 4401 915 4448 id
945 4399 1082 4468 eiriadper
1091 4402 1249 4466 mugitum
1259 4403 1388 4458 Medinat.

408 4469 455 4522 est,
473 4459 502 4509 ad
523 4467 771 4528 minorarentur.
802 4467 914 4528 Ceterum
1303 4499 1307 4506 ·
