3175 5200
365 350 430 413 286
774 341 980 409 multu
1040 370 1050 380 ·

201 503 234 553 U·
245 504 338 569 0³⁴⁷·
367 504 377 537 ‘
391 503 493 577 Ahala
506 500 651 571 Servilius
664 500 806 571 tubanus·
815 502 959 583 militumr
972 496 1139 569 ‘Tacuisse
1153 523 1186 571 se
1198 501 1339 585 uodia’
1355 505 1411 584 sit,

200 572 336 675 ΨΜ·
367 592 454 657 ‘non
476 594 548 675 quia
574 594 704 657 incertus
726 591 885 655 sententio
909 589 1018 666 luerit3
1053 586 1157 673 (quern
1183 592 1266 659 enim
1295 593 1412 660 bonurn

366 679 487 745 ‘civero
504 694 658 744 secernere
673 698 727 741 sua
737 698 758 741 a
771 677 900 762 publicis
917 676 1076 756 consiliat)
1100 678 1156 741 sed
1172 679 1245 761 quia
1259 680 1412 761 maluerit,

367 766 525 849 ‘collegas
540 787 594 829 sua
619 776 728 849 sponte
752 764 860 827 cedere
875 764 1050 827 auctoritati
1060 778 1195 843 senense,
1206 788 1298 850 quarn
1313 767 1410 831 tribu·

367 852 504 923 ‘niciam
520 863 704 936 potestatem
717 851 860 915 adversus
884 872 917 913 se
942 850 1087 933 inplorari
1102 863 1292 935 paterentur.
1327 850 1410 917 Tum

366 939 377 972 ‘
392 960 521 1023 quoque,
536 940 562 1001 sl
577 960 624 1002 res
640 941 763 1019 sineret,
779 940 908 1001 libenter
928 959 962 1001 se
977 938 1120 1001 daturum
1134 951 1254 1024 tempus
1267 941 1302 1005 iia
1317 940 1409 1006 abac

366 1026 430 1089 ‘ed
447 1038 602 1111 receptum
618 1026 707 1089 nimis
724 1026 887 1109 pertinacis
904 1025 1071 1089 sententiae.
1087 1026 1154 1105 sed,
1164 1048 1257 1109 quum
1271 1027 1341 1090 belli
1352 1050 1409 1091 ne·

366 1112 377 1145 ‘
390 1114 546 1177 cessitates
557 1134 618 1175 oon
630 1124 811 1197 exspectent
822 1114 955 1175 humana
966 1112 1104 1192 consilia,
1115 1114 1266 1197 potiorem
1276 1115 1332 1177 sibi
1341 1116 1409 1179 col·

366 1198 525 1285 ‘legatum
534 1200 635 1283 gratia
645 1200 861 1288 rempublicam
873 1198 958 1261 fore:
982 1211 1025 1278 et,
1036 1200 1061 1261 si
1077 1211 1202 1267 maneat
1216 1202 1248 1263 in
1256 1202 1410 1267 sententia

366 1286 524 1365 ‘senatun
549 1288 727 1351 dictatorem
748 1299 840 1349 nocte
854 1286 994 1370 proxima
1019 1286 1193 1352 dicturum:
1216 1310 1264 1369 ae,
1288 1289 1312 1359 si
1337 1289 1406 1371 quia

366 1374 377 1407 ‘
390 1374 559 1437 intercedat
573 1374 849 1453 senatusconsulto,
860 1376 887 1419 ³⁷
899 1373 1082 1437 auctoritate
1091 1395 1123 1435 se
1133 1374 1198 1437 foro
1209 1374 1406 1440 contentum!

366 1458 435 1533 Quo
455 1460 537 1525 sacto
554 1482 646 1542 quum
665 1460 747 1523 haud
769 1460 941 1523 inmeritam
969 1460 1092 1523 laudem
1115 1461 1307 1544 gratiamque
1328 1462 1407 1547 apud

367 1568 472 1611 omnes
488 1550 514 1586 ⁸⁸
524 1548 653 1627 tulisset,
669 1548 817 1611 dictatore
834 1545 866 1610 P.
881 1544 1025 1610 Cornelio
1049 1548 1144 1626 dicto,
1160 1548 1225 1630 ipsc
1239 1550 1279 1611 ab
1295 1570 1333 1612 eo
1343 1570 1409 1611 mar

366 1635 461 1717 gistor
474 1634 611 1718 equitum
622 1646 740 1699 creatus
749 1634 890 1715 exemplo
902 1633 960 1697 luit
975 1634 1109 1716 collegas
1120 1654 1248 1715 suturae
1260 1636 1407 1700 intuenti-

367 1721 434 1801 bus,
449 1742 540 1803 quam
556 1722 700 1805 gratias
734 1744 772 1784 ue
795 1722 893 1784 honos
922 1722 1139 1803 opportuniora
1161 1721 1314 1786 interdum
1343 1744 1407 1787 non

367 1809 556 1893 cupientibus
573 1820 685 1877 essent.
700 1734 838 1871 bdlellum
852 1807 935 1871 baud
950 1808 1143 1873 memorabile
1157 1806 1225 1871 fuit.
1240 1828 1303 1871 uno
1312 1821 1406 1891 atque

253 1899 273 1981 ὀ
367 1916 404 1957 eo
418 1894 498 1959 facili
513 1896 622 1979 proelio
636 1894 704 1961 caesi
724 1896 764 1959 ad
774 1894 903 1961 Antium
912 1894 1024 1959 hostes.
1038 1895 1135 1961 victor
1149 1894 1297 1958 exercitus
1308 1894 1404 1979 depo·

276 1997 282 2014 ·
367 1980 488 2067 pnlotus
503 1978 648 2047 Volscum
665 2004 781 2065 agrum.
801 1982 958 2047 coortum
974 1982 1014 2045 ad
1032 1982 1132 2045 lacum
1146 1980 1293 2047 Fucinum
1305 1982 1334 2045 si
1348 2003 1404 2046 ex·

387 2082 553 2151 ugnatum:
577 2082 669 2153 atque
690 2070 721 2133 in
743 2092 780 2133 eo
805 2070 865 2134 tria
885 2070 982 2133 millia
1002 2069 1157 2137 bominum
1172 2082 1273 2153 capta,
1298 2070 1406 2133 ceteris

365 2090 485 2219 (solacis
509 2157 592 2221 intra
617 2157 730 2222 moenia
755 2156 931 2240 compulsis,
963 2178 1020 2221 nce
1044 2156 1276 2221 defendentibus
1308 2178 1408 2241 egros.

365 2240 518 2321 Dictator,
533 2244 614 2325 bello
623 2244 668 2309 ita
678 2256 777 2329 gesto,
786 2256 823 2307 ut
835 2256 957 2307 tantum
972 2264 1034 2307 ooo
1047 2243 1178 2307 debriare
1188 2242 1316 2308 formare
1325 2243 1410 2307 side-

366 2342 461 2409 retur,
473 2330 631 2409 felicitate,
641 2352 733 2419 quarn
756 2331 864 2414 gloria,
886 2328 985 2414 major
1000 2332 1032 2394 iu
1053 2332 1160 2403 urbem
1175 2330 1275 2411 rediit,
1298 2330 1410 2415 magis·

365 2428 506 2503 tratuque
532 2440 563 2483 se
600 2418 762 2486 abdicavit.
791 2417 919 2484 Tribuni
964 2418 1106 2497 militum,
1144 2419 1301 2481 mentione
1329 2418 1412 2483 nulla

367 2505 560 2571 comitiorum
581 2506 783 2571 consularium
813 2505 929 2587 habits,
956 2504 1060 2585 (credo
1084 2506 1225 2570 obirem
1253 2504 1411 2571 dictatoris

368 2590 475 2674 creati)
505 2592 695 2659 tribunorum
724 2592 853 2659 militum
880 2593 1005 2661 comitia
1040 2593 1210 2658 edixemot.
1229 2590 1310 2656 Tum
1340 2613 1411 2658 vero

366 2680 485 2762 gravior
496 2683 602 2750 ³leura
617 2674 755 2746 Patribus
770 2681 914 2760 incessit3
938 2682 1051 2764 quippe
1065 2702 1156 2763 quum
1172 2680 1259 2765 prodi
1270 2701 1409 2744 ceresam

226 2811 231 2824 .
267 2772 277 2825 .‘
323 2776 337 2826 ’.
366 2768 406 2830 ab
419 2767 480 2830 suis
502 2780 668 2832 cernerent.
694 2767 803 2852 Itaque
817 2767 898 2830 sicut
907 2767 1006 2852 priore
1017 2790 1099 2833 anno
1113 2788 1167 2851 per
1183 2766 1408 2850 indignissimos

265 2878 272 2893 ·
330 2877 336 2892 ·
367 2874 405 2916 ex
420 2855 544 2936 plebeiis
556 2855 734 2920 candidatos
746 2855 996 2936 omnium,etiam
1006 2856 1176 2938 dignorum,
1190 2854 1312 2918 tedium
1323 2852 1406 2917 leoe-

366 2953 453 3018 rant3
477 2941 519 3004 sie
547 2956 622 3022 turn,
652 2941 832 3026 primoribus
859 2941 982 3006 Patrum
1006 2943 1164 3026 splendore
1186 2941 1342 3024 gratiaque
1363 2941 1406 3004 ad

199 3035 353 3153 blla.
365 3027 530 3180 rrtrlc
545 3029 1121 3188 restituerentur
1131 3029 1274 3180 tlttl
1282 3028 1409 3178 tlt?

364 3201 399 3266 L.
420 3139 743 3284 Furiddelllledullinus,
762 3201 800 3266 C.
815 3163 956 3266 Voleri'ua
980 3139 1109 3283 Potidua,
1124 3201 1165 3267 N.
1182 3202 1292 3266 Fabius
1313 3162 1408 3266 vibus

364 3291 460 3372 lenus,
487 3290 523 3354 C.
549 3289 689 3362 Servilius
715 3289 827 3354 Ahala.
846 3291 896 3354 bic
922 3291 1052 3355 refectus
1081 3292 1260 3353 continuato
1284 3290 1409 3368 bonore,

366 3398 458 3460 quum
483 3380 523 3442 ob
539 3379 613 3442 olias
627 3379 766 3459 virtutes,
781 3391 847 3442 tum
860 3378 1069 3443 obserentem
1084 3377 1219 3440 favorem
1237 3377 1328 3440 unica
1342 3397 1406 3441 uso

364 3463 525 3526 deratione
540 3477 672 3547 partum.
898 3465 904 3472 ¹

396 3591 722 3656 ”ambureretur
736 3605 824 3647 mutas
835 3609 871 3647 est
902 3598 944 3647 hle
962 3597 1017 3646 olim
1035 3598 1091 3648 editi
1109 3597 1263 3663 proferebant
1275 3607 1410 3646 mess-

361 3657 473 3720 judieium
494 3670 585 3706 senatus
606 3663 766 3725 perscriptum,
786 3665 870 3712 tuile-
902 3665 957 3712 sulti
975 3667 1113 3713 maritate.
1152 3665 1289 3714 Emendsrit
1306 3662 1412 3724 suentes

362 3723 443 3784 gitims
475 3727 664 3776 senatusconsulti
699 3727 771 3778 forms
788 3759 790 3764 ·
806 3745 871 3780 sece-
904 3731 963 3794 quod
985 3743 1116 3796 peccarent
1136 3730 1252 3780 editorum
1278 3728 1410 3790 igoorsutis.

362 3790 416 3838 dere
443 3805 490 3839 aon
518 3791 601 3854 potuit.
646 3792 725 3841 Ouum
749 3795 810 3842 enim
832 3806 872 3844 aut
905 3795 1084 3845 Oostooreniro
1104 3812 1117 3845 e
1134 3793 1413 3845 amnemamnem

362 3871 472 3906 numerus
508 3869 639 3908 senstorum
675 3859 791 3908 sufficiens
824 3874 871 3908 ooo
902 3877 941 3910 re:
957 3862 1018 3911 onde
1037 3863 1135 3927 imperiti
1153 3861 1368 3910 memoremur
1378 3874 1412 3906 ιι-

362 3924 460 3978 adesset,
481 3935 590 3982 autnon
616 3925 666 3974 loro
687 3926 754 3976 dless
781 3925 872 3986 idoneo,
902 3930 1069 3989 autemid,
1090 3945 1162 3993 quum
1183 3927 1316 3977 debuissent
1334 3925 1413 3993 lqere

362 4001 401 4036 sut
426 3989 501 4038 edicto
531 4005 577 4038 oon
602 3990 705 4054 legitimo
735 4005 872 4040 convocatas
902 3996 1091 4046 maurannus.

362 4065 421 4102 esset
449 4066 549 4111 mustus,
580 4069 619 4104 sut
647 4055 778 4104 intercessio
806 4057 871 4106 fieret
933 4058 957 4092 ³⁸
970 4059 984 4088 ·
997 4058 1101 4123 Tutisset]
1116 4057 1261 4108 Consecutus
1270 4067 1338 4106 esset.

362 4121 558 4172 senatuconsulto
595 4122 623 4170 sb
664 4137 693 4171 eo
729 4121 871 4185 magistratu,
934 4123 957 4160 ³⁰
974 4121 990 4152 ⁸
1003 4123 1066 4172 Caro
1079 4125 1182 4173 Pstn'tas
1198 4123 1294 4186 lomus]
1309 4121 1414 4170 Observa

363 4182 531 4298 :ppppmidfiipp
555 4200 632 4245 essen
655 4197 872 4305 tumtmopffioo·
903 4190 1198 4304 retrbumupncpssr'nlerism
1217 4205 1259 4253 pro
1271 4189 1416 4302 marm

363 4322 450 4390 tamen
467 4265 772 4381 unsrudogerspcortibrdbslud
800 4271 873 4383 esldldd
902 4269 982 4383 1⁸:¹¹3.
987 4320 1025 4366 Sic
1036 4268 1103 4382 vii}
1123 4271 1263 4383 ἓὲῐςωῧ.
1280 4322 1320 4369 67.
1353 4315 1417 4366 Nm

362 4386 482 4436 auctoretas
502 4382 630 4438 vocabatur.
674 4385 733 4440 Haec
755 4385 804 4450 lere
825 4385 873 4434 Dio
904 4386 1048 4447 sepeduobos
1060 4385 1254 4454 aeguum
1270 4401 1350 4452 nages
1367 4385 1416 4438 dit·

361 4444 379 4492 1.
391 4455 433 4492 av.
449 4441 506 4490 Vld.
526 4455 550 4492 et
567 4461 603 4510 ep.
621 4451 742 4500 secundam
760 4450 777 4499 1.
790 4463 808 4499 ι.
824 4452 874 4502 cre.
904 4451 978 4500 cordio
987 4459 1056 4500 outa.

361 4511 389 4559 sd
401 4509 465 4560 Fam.
483 4519 507 4558 et
522 4511 641 4575 septimsm
660 4515 677 4564 l.
689 4529 746 4566 vrrs.
761 4515 874 4568 &senem
