3175 5200
368 326 429 400 *tas
800 332 886 402 um
906 334 1007 403 mvn
1056 364 1060 371 ·

208 512 343 568 mensa.
369 498 401 560 in
414 496 533 581 agraria
553 496 713 581 largitione
728 498 755 539 ³⁰
771 498 953 563 ambitiosus
977 501 1009 563 in
1038 499 1149 581 socios,
1173 520 1271 586 eoque
1298 502 1412 571 civibus

207 584 239 633 A.
248 580 277 635 ⁰·
285 584 341 635 ⁴3⁴·
370 587 458 651 vilior
473 574 549 666 era‘t,
565 598 600 649 ut
619 586 680 647 alio
699 606 823 648 munere
845 587 902 649 sibi
924 589 1133 652 reconciliaret
1153 590 1265 655 civium
1280 593 1411 675 animos,

367 673 484 759 jubere,
515 695 572 758 pro
590 669 693 734 Siculo
722 672 875 737 frumento
908 677 1068 758 pecuniam
1091 690 1252 761 acceptam
1287 682 1410 744 retribui

370 763 493 847 populo.
535 758 574 822 ld
593 780 662 820 vero
688 759 770 821 haud
795 782 892 841 secus,
916 782 1007 845 quom
1037 777 1215 847 praesentem
1240 769 1410 831 mercedem

369 848 455 930 regni
479 848 660 929 adspernata
682 846 797 929 plebea.
819 849 897 911 adeo
919 862 1043 934 propter
1063 852 1267 935 suspicionem
1285 853 1409 918 insitam

368 935 467 1016 regni,
479 933 561 995 velut
584 932 773 997 abundarent
797 936 912 1014 omnia,
935 958 1062 999 munera
1086 937 1150 1021 ejus
1177 940 1208 1002 in
1225 941 1336 1004 animis
1351 944 1408 1005 ho·

368 1022 484 1084 minum
509 1022 536 1066 ³⁷
551 1021 777 1104 respuebantur.
821 1022 931 1102 Quem,
972 1025 1025 1087 ubi
1068 1026 1199 1107 pritnum
1227 1029 1409 1110 magistram

257 1122 264 1138 ·
322 1107 453 1191 3abiit,
475 1106 653 1170 damnatum
675 1120 876 1191 necatumque
903 1122 1034 1174 constat.
1078 1109 1167 1191 Sunt,
1203 1115 1255 1196 qui
1287 1127 1407 1199 patrem

297 1224 325 1259 ·.
367 1193 623 1277 aucmremkejus
643 1195 782 1279 supplicii
812 1195 931 1259 ierant:
956 1218 1037 1276 eum,
1052 1200 1178 1279 cognita
1192 1201 1274 1263 domi
1289 1222 1408 1281 caussa,

365 1282 536 1345 verberasse
551 1302 587 1344 ac
606 1303 742 1361 necasse,
767 1284 795 1321 ⁸⁸
806 1283 1015 1366 peculiumque
1028 1283 1095 1346 -filii
1117 1284 1219 1349 Cereri
1245 1308 1407 1351 consecra·

365 1370 453 1433 visse.
475 1370 594 1452 signum
614 1368 685 1447 inde
708 1369 823 1432 fectum
846 1390 921 1447 esse,
944 1383 976 1435 et
1004 1372 1193 1455 inscriptum,
1218 1392 1265 1439 ax
1290 1372 1407 1437 Cassia

366 1474 506 1520 sanstus
541 1474 672 1521 nauum.
731 1455 854 1519 Invenio
893 1457 975 1539 apud
1012 1458 1171 1540 quosdam,
1197 1460 1287 1544 idque
1300 1464 1406 1546 ”pro-

364 1545 433 1629 pius
450 1544 553 1619 ,fidem
584 1556 640 1624 est,
657 1547 714 1605 ‘la
739 1544 934 1627 qutestoribus
964 1542 1014 1607 K)
1034 1542 1130 1608 Fabio
1156 1558 1190 1609 et
1222 1546 1259 1611 L.
1284 1545 1405 1611 Valerio

366 1632 446 1694 diem
472 1631 586 1694 dictam
612 1630 836 1714 perduellionis,
865 1631 1103 1715 damnattunque
1138 1635 1241 1717 populi
1267 1632 1404 1717 judicio:

264 1748 270 1769 ·
328 1752 335 1767 ·
365 1719 479 1782 dirutas
503 1718 623 1802 publice
638 1718 727 1780 aedes.
739 1738 776 1780 ea
790 1730 837 1781 est
848 1739 919 1780 area
932 1730 1004 1782 ante
1014 1718 1145 1781 Telluris
1160 1722 1268 1792 sedem.
1312 1720 1405 1785 Cete·

225 1822 231 1835 ·
265 1821 271 1835 ·
331 1817 352 1889 ζ
366 1827 431 1870 ιιιιιι
459 1805 522 1868 sive
540 1805 616 1867 illud
638 1804 851 1883 domesticum,
876 1804 939 1867 sive
969 1806 1125 1889 publicum
1158 1807 1215 1870 fult
1240 1806 1404 1890 judicium,

209 1918 214 1929 ·
232 1888 251 1981 ‚'
277 1952 283 1964 ,
330 1942 340 1955 .
365 1895 526 1967 damnatur
537 1890 601 1955 Ser.
617 1890 769 1971 Cornelio,
784 1892 823 1963 Q.
833 1889 928 1954 Fabio
943 1893 1125 1955 consulibus.

215 1984 221 1995 '
305 2015 312 2030 ·
360 1996 363 2001 ’
407 1978 505 2043 XLII.
528 1978 621 2041 Haud
635 1980 777 2042 diuturna
799 1979 960 2063 irapopuli
975 1977 1156 2042 iuCassiuur
1169 1980 1238 2042 fuit.
1283 1984 1308 2020 ⁴¹
1321 1980 1401 2043 Dul-

366 2070 441 2133 cedo
456 2068 578 2150 agrariae
592 2067 667 2149 legis
688 2067 755 2149 ipsa
774 2086 828 2148 per
853 2087 896 2142 se,
916 2066 1021 2128 demto
1035 2078 1170 2145 auctore,
1190 2066 1310 2130 subibat
1335 2068 1420 2144 aui-v

366 2178 451 2219 most
481 2173 668 2235 accensaque
682 2174 719 2215 ea
731 2152 882 2234 cupiditas
897 2164 944 2213 est
965 2152 1157 2233 malignitate
1172 2152 1315 2230 Patrum3
1339 2155 1402 2235 qui,

364 2242 491 2305 devictis
512 2263 549 2303 eo
571 2260 652 2301 anno
672 2235 986 2321 VolscisUAEquisque,
1007 2239 1137 2301 militem
1159 2240 1259 2321 praeda
1280 2240 1403 2303 frauda-

363 2352 441 2392 vere.
464 2327 609 2411 quidquid
624 2337 747 2410 captum
777 2343 816 2387 ex
830 2325 967 2388 hostibus
980 2336 1038 2404 est,
1052 2325 1190 2389 vendidit
1205 2324 1315 2388 Fabius
1329 2348 1402 2389 eon·

423 2468 535 2519 'aemma
544 2468 618 2519 Grou.
831 2463 879 2516 ΙΚ.
890 2467 908 2517 1.
921 2464 1047 2517 &unaue
1057 2468 1177 2533 etiusqq.
1187 2466 1261 2518 Grou.
1269 2468 1339 2519 Cres.

391 2597 414 2636 ³⁶
427 2598 581 2650 *Ambitiosa
597 2603 622 2649 in
637 2598 711 2664 unios]
728 2598 866 2650 Ambiendue
897 2599 954 2649 tides
973 2598 1062 2650 facilius
1076 2598 1155 2650 baberi
1180 2602 1258 2665 possit.
1289 2599 1342 2651 Vox
1365 2601 1402 2664 fi·

360 2668 670 2728 sociommgratioestudens.
897 2669 946 2715 desa
964 2668 1051 2728 regitur
1078 2683 1092 2715 a
1117 2669 1276 2732 prepositione
1295 2669 1326 2716 od
1346 2683 1401 2731 sup-

392 2732 414 2770 ³⁷
429 2731 605 2797 damnabamur]
642 2732 785 2782 Glisteutem
826 2749 862 2782 se.
896 2746 982 2798 pressa.

360 2797 471 2847 ditionem
492 2797 632 2862 compescuit
653 2810 745 2847 senatus
770 2799 862 2848 edicen-
926 2797 988 2844 Μ
998 2797 1146 2866 questoribru]
1171 2797 1230 2846 llaec
1246 2798 1320 2862 prima
1338 2797 1398 2860 apud

360 2864 399 2922 do,
416 2877 442 2912 ut
460 2865 540 2912 decem
566 2865 610 2911 riri
631 2863 761 2913 consulares
790 2865 861 2926 elige·
895 2861 985 2910 Livium
1013 2863 1101 2912 mentio
1129 2876 1265 2926 quartorum
1292 2865 1401 2912 occurrit.

359 2940 448 2988 rentur,
465 2931 504 2992 qui
523 2945 600 2992 agrurn
625 2923 740 2993 publicum
761 2928 863 2988 fluitent,
893 2929 1020 2992 Antiquior
1040 2939 1118 2977 tamen
1146 2941 1181 2978 est
1211 2943 1291 2976 eorum
1325 2929 1400 2990 otigo,

359 3010 386 3043 sc
404 2994 589 3060 pronunciarent,
622 3007 733 3058 quantum
752 2997 803 3060 ejru
826 2996 863 3044 lo·
896 3010 964 3056 qusm
984 2993 1117 3044 Plutarchus
1137 2995 1165 3042 ad
1182 2993 1323 3042 Publicolam
1342 3009 1399 3042 eou-

358 3062 404 3110 cari
426 3073 536 3125 quantum
565 3061 648 3126 populo
678 3061 746 3108 dividi
772 3073 865 3126 oporte·
895 3059 980 3119 sulem,
1007 3061 1080 3126 primo
1121 3060 1252 3116 eomtitutse
1287 3059 1401 3109 libertatis

356 3137 410 3176 ret:
450 3129 534 3175 horum
570 3138 648 3176 autern
682 3128 862 3176 decemvirorum
895 3140 974 3184 anao;
1014 3126 1107 3174 Tacitus
1125 3139 1164 3176 xl.
1186 3126 1250 3173 Anu.
1268 3139 1291 3173 c.
1316 3126 1356 3173 22.
1375 3136 1401 3172 et

356 3193 440 3242 electio
458 3195 486 3242 ad
504 3194 622 3256 sequentis
637 3192 806 3242 annicousules
822 3209 861 3242 re.
894 3191 932 3237 elii
953 3193 1063 3253 adneges
1080 3193 1152 3240 etism
1161 3191 1275 3240 referunt.
1307 3189 1401 3238 ttonm

352 3258 474 3322 jieerelur.
506 3258 594 3310 Verum
620 3258 664 3307 hoe
680 3259 863 3308 senatusconsul·
893 3258 1032 3321 praecipuum
1050 3273 1135 3308 munus
1151 3255 1197 3305 init
1218 3272 1297 3305 curam
1326 3256 1398 3303 aerarii

355 3335 407 3372 tum
439 3327 601 3374 discutiendae,
626 3325 734 3374 seditioni
766 3327 863 3384 lactum,
893 3338 983 3384 gerere.
1017 3321 1136 3376 Quanam
1170 3339 1183 3371 s
1208 3322 1321 3385 quamdo
1342 3322 1398 3370 dicti

356 3402 477 3452 postquam
497 3390 561 3438 illum
579 3391 690 3450 fructum,
707 3391 754 3454 qui
777 3401 808 3440 ex
832 3408 861 3441 eo
893 3401 957 3447 suut,
991 3387 1050 3451 quod
1089 3388 1252 3452 conquirerent
1293 3385 1399 3450 pecunias

354 3455 578 3517 petebatur,sttulit‚
586 3457 715 3517 neglectum
727 3467 770 3504 ast.
892 3455 1003 3516 publices,
1033 3463 1102 3516 atque
1124 3457 1194 3504 etiam
1216 3452 1335 3507 mslefieia,
1350 3468 1401 3514 qua

388 3518 411 3551 ³⁸
433 3517 549 3567 Patalium
568 3551 576 3568 .
596 3555 602 3568 .
623 3554 630 3570 .
639 3521 701 3584 filit]
745 3521 861 3570 Peculium
892 3532 971 3583 postes
999 3520 1114 3568 triumviri
1149 3519 1254 3583 capitales
1283 3517 1397 3579 conquisi-

353 3583 445 3648 proprie
462 3585 529 3632 estid
546 3585 608 3648 quod
622 3598 700 3634 servus
721 3587 861 3636 concedente
892 3599 956 3641 sere,
966 3583 1104 3633 testeVarr.
1115 3585 1132 3634 l.
1152 3596 1188 3634 tv,
1209 3584 1238 3632 de
1257 3581 1397 3642 memus.

354 3647 448 3697 domiuo
473 3649 579 3712 possidet.
623 3651 733 3701 Similiter
765 3667 860 3716 usurpa.
888 3648 948 3697 Noa
974 3645 1091 3699 insolitum
1112 3650 1166 3714 ipsis
1192 3650 1261 3698 fuine
1290 3660 1397 3696 accense

354 3725 394 3763 tur
414 3730 456 3782 prq
478 3718 586 3778 eoquod
607 3716 666 3766 filim
686 3719 784 3782 possidet
804 3733 860 3766 eon-
892 3715 920 3762 sd
938 3714 1028 3780 plebem
1049 3716 1149 3778 eosqui
1168 3729 1193 3763 se
1216 3713 1292 3775 aliquo
1308 3711 1397 3760 stelen

353 3797 420 3830 sessu
441 3781 521 3846 patris,
540 3783 592 3846 qula
610 3798 693 3848 nempe
711 3784 859 3848 quemadmo-
892 3780 1073 3839 obstriuxhent,
1090 3791 1154 3846 patet
1165 3791 1215 3828 tum
1236 3794 1266 3828 ex
1281 3776 1400 3837 hocloco,

353 3847 410 3896 dum
427 3847 524 3896 serviisr
539 3849 625 3898 domini
644 3861 767 3913 potestate,
786 3849 818 3896 ita
835 3859 861 3896 et
893 3857 944 3894 tum
963 3861 991 3895 ex
1009 3862 1072 3910 capp.
1092 3849 1132 3895 24.
1151 3857 1176 3894 et
1195 3847 1235 3894 25.
1252 3844 1270 3892 l.
1282 3855 1323 3891 ιιι.
1353 3841 1400 3890 Em

352 3912 421 3962 liberi
444 3913 469 3962 in
489 3924 605 3978 potestate
635 3917 707 3979 patris
736 3925 812 3976 erant,
834 3922 861 3962 et
892 3910 998 3960 habuisse
1026 3915 1066 3976 jus
1091 3911 1188 3959 smodi
1213 3909 1242 3957 ad
1263 3907 1398 3958 concitarem

353 3980 463 4042 quidquid
490 3981 645 4043 acquirebant,
669 3981 692 4030 id
717 3979 788 4042 patri,
814 3993 862 4027 nou
893 3976 971 4040 populi
980 3971 1109 4042 Dionysius
1120 3975 1316 4026 affirmttrsu.
1340 4001 1345 4008 ·

355 4043 411 4104 sibi,
432 4046 586 4107 acquirebant.
619 4043 684 4094 Nihil
717 4045 794 4108 itaque
815 4043 858 4092 lta-
924 4041 946 4074 ⁴¹
968 4041 1067 4091 Dauom
1102 4042 1202 4102 agreria
1233 4039 1298 4104 legas]
1343 4039 1398 4087 Hoc

351 4105 439 4154 bebant
459 4125 513 4158 rere
535 4125 619 4160 suurn:
642 4113 682 4162 sed
707 4111 727 4160 ei
749 4123 802 4172 quse
826 4109 860 4168 e'u
891 4118 987 4155 sunoet
1005 4106 1189 4170 imequeutibus,
1208 4105 1398 4168 ummsnibuui

353 4183 420 4234 peter
429 4177 514 4223 utenda
528 4176 676 4240 permisisset,
694 4179 720 4226 iu
739 4191 767 4224 ea
784 4183 859 4239 pater,
889 4172 994 4221 ftatsdem
1021 4175 1118 4222 Panum
1148 4172 1293 4229 sternebant,
1318 4181 1398 4234 postu-

352 4248 462 4297 tanusm
486 4240 510 4286 in
530 4243 645 4303 peculium
666 4243 728 4294 serui
747 4243 861 4297 dominus,
891 4237 1015 4301 labantque
1046 4251 1073 4287 ut
1097 4253 1137 4286 ms
1157 4238 1200 4302 ipsi
1218 4235 1320 4286 consalta
1339 4251 1396 4284 exe-

352 4300 445 4364 plensm
468 4313 604 4364 potestatem
637 4309 759 4358 retinebat.
797 4307 860 4355 Vide
884 4314 1029 4365 queremur,
1045 4303 1242 4365 decemvirosque,
1262 4302 1322 4351 sicut
1346 4301 1398 4364 pol-

352 4364 608 4423 Instituuntur.
628 4374 665 4422 tit.
687 4371 860 4426 uetibivin.
891 4368 950 4417 liciti
978 4369 1080 4426 mesot,
1105 4369 1232 4418 dividendis
1252 4369 1311 4428 egris
1327 4367 1398 4429 elige.

351 4435 429 4484 nium.
812 4468 826 4514 l
893 4444 954 4483 reat.
987 4435 1035 4483 Sed
1055 4434 1169 4488 incassum
1190 4434 1297 4486 abierunt
1317 4447 1400 4486 omues

383 4497 537 4566 ”meps'us
548 4501 631 4570 fidon]
653 4503 802 4569 credibilius,
822 4505 862 4558 cui
891 4515 975 4556 ectum
986 4509 1090 4557 uomitu.
