3175 5200
494 375 572 437 ma
593 376 644 439 vs
675 376 757 438 car.
776 372 905 440 xxxv.
1022 454 1026 458 Q
1161 388 1221 445 aas

173 548 232 613 que
248 528 367 613 apimus
381 546 481 602 essem
504 538 789 621 possessionemque
807 534 945 616 honoris,
965 534 1103 620 usurpati
1123 534 1219 599 modo
1231 532 1371 606 mcsssta.

170 619 365 771 iltis?
378 642 503 773 Pili
515 644 837 794 “luitbtus
851 620 1368 793 lditlttsl‘lffl‘·

170 791 350 876 plerumque
364 794 455 877 solet)
474 817 538 859 rem
561 797 718 878 ingentem
738 797 889 859 moliundi
915 816 1024 859 caussa
1045 798 1216 860 intervenit.
1298 813 1302 819 '

170 874 217 941 Μ.
242 878 326 942 Fabii
352 882 506 962 Ambusti,
532 884 667 965 potentis
697 883 763 960 viri,
789 903 884 963 quum
906 882 988 945 inter
1010 885 1057 946 sui
1080 885 1347 966 corporismbbm

170 963 320 1045 homines,
336 978 402 1029 tum
416 968 510 1032 etiam
529 968 570 1031 ad
585 969 718 1053 plebem,
733 969 818 1051 quod
838 968 1075 1049 haudquaquam
1088 970 1169 1031 inter
1182 969 1216 1031 id
1226 979 1332 1046 ”w

167 1068 265 1131 genus
279 1064 453 1118 contemtor
467 1054 533 1139 ejus
548 1056 728 1134 habebatur,
742 1056 813 1117 {ilia
832 1055 900 1117 dua
917 1066 1033 1137 nupta,
1056 1053 1123 1119 Ser.
1145 1053 1215 1118 Sul·
1227 1031 1349 1095 ''⁰⁸¹¹“

168 1137 250 1217 picio
265 1137 373 1223 major,
393 1143 494 1207 minor
516 1140 552 1206 C.
564 1138 681 1205 Licinio
696 1140 818 1205 Stoloni
837 1154 915 1222 erat,
937 1141 1058 1203 inlustri
1080 1141 1215 1222 quidem,

166 1221 230 1286 viro
253 1236 357 1289 tamen
377 1228 519 1311 plebeio:
543 1250 639 1311 eaque
664 1230 731 1311 ipsa
754 1228 896 1291 adfinitas
917 1227 1001 1290 haud
1020 1239 1124 1311 spreta
1144 1249 1216 1310 gra·
1262 1284 1266 1293 .

167 1310 242 1373 tiam
257 1310 352 1376 Fabio
371 1315 412 1377 ad
431 1316 555 1398 vulgum
571 1315 740 1398 quaesierat.
784 1314 877 1377 Forte
899 1314 945 1375 ita
965 1314 1086 1391 incidit,
1113 1326 1159 1394 ut,
1183 1316 1217 1377 in

167 1393 234 1459 Ser.
251 1396 378 1483 Sulpicii
398 1402 511 1465 tribuni
532 1403 666 1466 militum
687 1402 779 1465 domo
799 1421 918 1463 sorores
942 1398 1044 1463 Fabia
1057 1421 1152 1481 quum
1167 1402 1216 1463 iu·

166 1493 214 1545 ter
236 1505 268 1547 sa
294 1488 342 1567 (ut
363 1487 411 1565 lit)
436 1490 626 1553 sermonibus
649 1500 770 1571 tempus
797 1497 942 1563 tererent,
965 1486 1054 1549 lictor
1076 1484 1216 1570 Sulpicii,

167 1586 261 1649 quum
284 1572 310 1633 is
332 1572 460 1638 de'ioro
483 1598 515 1639 se
538 1575 665 1639 domum
688 1574 847 1657 reciperet,
871 1571 968 1634 sorem
994 1571 1042 1652 (ut
1062 1594 1131 1634 mos
1152 1576 1213 1655 est)

165 1656 250 1739 virga
267 1670 451 1740 percuteret.
467 1681 561 1744 quum
582 1660 622 1722 ad
642 1660 685 1739 id,
701 1661 795 1723 moris
810 1658 878 1741 ejus
898 1660 1029 1737 insueta,
1043 1660 1216 1741 expavisset

165 1743 266 1804 minor
281 1742 386 1824 Fabia,
406 1748 479 1819 risui
505 1747 601 1809 sorori
623 1746 692 1825 fuit,
710 1746 835 1807 miranti
856 1745 1053 1826 ignorare-id
1068 1766 1215 1808 sororem.

165 1824 310 1893 Ceterum
333 1832 359 1893 is
382 1832 459 1894 risus
475 1832 615 1895 stimulos
629 1833 729 1917 parvis
751 1832 859 1894 mobili
874 1832 964 1893 rebus
984 1832 1089 1893 animo
1102 1831 1216 1895 mulie-

164 1914 210 1976 bri
227 1916 385 1980 subdidit:
409 1917 581 2001 frequentia
603 1937 725 2001 quoque
744 1918 997 2002 prosequentium
1024 1919 1215 2000 rogantium·

104 1990 110 2005 ’
164 2021 234 2083 que,
250 2002 555 2084 ‘numquidvelletl’
578 2005 671 2067 credo
683 2004 875 2067 fortunatum
886 2004 1116 2066 matrimonium
1125 2004 1216 2067 ciso-

96 2164 98 2168 ἲ
164 2089 240 2151 roris
254 2090 372 2166 visum3
396 2090 503 2171 suique
519 2092 618 2173 ipsam
638 2091 752 2153 ”malo
775 2090 914 2167 arbitrio,
939 2108 1044 2171 quoa
1066 2090 1215 2171 proximis
1280 2151 1283 2155 ,

163 2176 291 2257 quisque
317 2176 444 2239 minima
471 2177 580 2238 ariteiri
609 2176 686 2254 vult,
715 2175 904 2259 poenituisse.
957 2174 1126 2237 &niueam
1146 2197 1215 2239 eam

164 2280 204 2321 ex
218 2262 333 2323 recenti
354 2282 458 2323 morsu
478 2261 571 2324 animi
593 2282 688 2343 quum
704 2274 791 2344 pater
806 2259 885 2322 forts
904 2260 1042 2338 vidisset,
1064 2281 1226 2343 percunc·.

163 2356 258 2425 tatus,
273 2345 384 2411 ‘satin'
405 2346 523 2411 salval’
550 2349 775 2411 ”avertentem
799 2366 938 2409 caussam
955 2345 1070 2408 doloris
1088 2346 1215 2431 (quippe

165 2452 222 2495 neo
245 2433 320 2495 satis
341 2434 425 2515 piam
448 2434 590 2497 adversus
621 2454 768 2511 sororem,
789 2452 848 2493 nec
874 2431 1041 2495 admodum
1063 2433 1095 2495 in
1116 2434 1214 2497 virum

163 2519 377 2602 honorificam)
403 2520 508 2583 clicuit
525 2520 658 2585 ‘comiter
680 2518 877 2596 sciscitando,
899 2527 935 2579 ut
956 2517 1115 2597 fateretur,
1144 2540 1214 2583 eam

163 2629 229 2669 esse
245 2629 384 2670 caussam
401 2605 526 2685 doloris,
552 2605 635 2688 quod
645 2604 755 2688 juncta
771 2605 869 2688 inpari
889 2617 982 2685 asset,
996 2618 1095 2688 nupta
1108 2607 1139 2669 in
1156 2607 1213 2669 dc:

162 2694 524 2846 llzlltml‘iltll'.
539 2690 1223 2860 similitudini-⁰232}
1321 2795 1326 2802 .

161 2886 257 3016 lsi?
273 2866 622 3016 liblsllllll.
643 2865 996 3034 illisll‘stll
1008 2886 1213 3018 &istst

163 3033 281 3116 Sextio,
298 3050 422 3101 strenuo
434 3039 642 3117 adolescente,
662 3049 694 3104 et
716 3037 804 3120 cujus
818 3038 883 3120 spei
899 3038 976 3100 nihil
990 3050 1100 3121 prater
1113 3059 1211 3122 genus

162 3125 326 3206 patricium
342 3123 471 3189 deesset.
662 3129 667 3138 '
1273 3143 1278 3151 ’

205 3207 338 3272 XXXV.
374 3209 506 3286 Occasio
534 3209 694 3283 videbatur
722 3229 824 3271 rerum
852 3208 1061 3273 novandarum
1085 3222 1212 3294 propter

162 3297 320 3379 ingentem
341 3295 403 3357 vim
425 3297 491 3358 aris
514 3295 627 3357 alieni:
650 3292 737 3376 cujus
759 3293 898 3366 levamen
920 3295 993 3357 mali
1013 3297 1130 3380 plebes,
1150 3298 1222 3359 nisi·

162 3385 224 3446 suis
240 3384 271 3444 in
287 3402 408 3446 summo
423 3381 552 3465 imperio
572 3380 692 3458 locatis,
709 3379 828 3442 nullum
840 3392 986 3464 speraret.
1029 3381 1209 3465 Adcingen·

163 3469 237 3532 dum
260 3469 299 3532 ad
322 3489 391 3532 eam
413 3467 633 3551 cogitationem
648 3487 725 3528 csse.
743 3466 885 3530 conando
899 3468 1080 3550 agendoque
1089 3466 1156 3550 jam
1171 3489 1210 3531 co

161 3556 292 3639 gradum
307 3555 414 3618 secisse
432 3555 580 3639 plebeios,
594 3553 687 3632 uode,
711 3552 736 3615 si
752 3573 843 3636 porro
858 3553 1045 3643 adnitantur,
1055 3556 1209 3639 ,⁸'perve·

161 3643 227 3706 nire
246 3643 287 3705 ad
304 3641 453 3722 summai,
465 3652 498 3704 et
508 3639 648 3704 Patribus
664 3640 787 3721 aquari,
809 3651 875 3702 tarn
892 3642 1020 3719 honore,
1040 3662 1133 3722 quarn
1147 3640 1209 3704 vir·

160 3740 239 3810 tute,
269 3739 405 3813 possent.
459 3725 495 3790 ln
522 3726 683 3813 prasentia
711 3727 852 3789 tribunos
874 3726 972 3811 plebis
993 3727 1059 3790 lieri
1081 3727 1208 3810 placuit,

568 3899 784 3955 *mem

193 4054 667 4126 ³⁷·llaloorbttrto11’srillrmjudicaadi
701 4059 851 4124 cupream.
870 4057 1210 4114 dememorant«-

161 4123 579 4190 omasupmastemqu...
699 4133 777 4174 aeas
1323 4131 1328 4137 '

192 4191 215 4225 Β
231 4189 367 4240 Amara·
387 4205 475 4239 m
491 4187 582 4254 dabat]
605 4186 668 4238 Ver·
731 4189 754 4227 ’Β
769 4187 1020 4239 Pmirssdm
1042 4190 1208 4257 Sicdndnu,

159 4265 249 4304 mutam
268 4256 314 4304 alio
332 4269 358 4304 ac
375 4255 557 4305 dinimulautem
575 4269 668 4305 austro
700 4254 838 4319 Campania,
854 4269 945 4304 mnas
1030 4290 1037 4305 .
1057 4257 1164 4319 Horon,
1177 4272 1205 4310 st

161 4317 345 4377 dolorum
367 4320 667 4400 atsaterctur,i.c.ccm·
697 4320 927 4384 quinquennem.
958 4321 1203 4374 Gronovianaeditic·

159 4381 221 4449 pulit
231 4383 307 4434 lateri.
334 4385 372 4435 Sic
383 4384 476 4448 Cicero,
487 4387 504 4436 l.
518 4399 547 4435 rt.
558 4386 587 4434 dc
598 4384 666 4434 Orat.
697 4385 1081 4455 communicabamus
1088 4386 1205 4452 priamus.

160 4463 187 4500 n.
200 4450 239 4500 1³.
273 4448 677 4516 chaasegc....auaquanett·'
699 4449 1205 4515 nuncupatitius-arram

158 4515 516 4580 mmmmm
541 4517 667 4570 &auct
689 4515 1009 4584 smmaeumadmm.
