3175 5200
341 372 400 441 876
667 406 670 413 =
752 366 837 430 Tl'l'l
856 366 957 429 mvn

174 540 208 589 υ.
221 541 251 591 c.
262 540 318 591 37⁴.
339 531 569 616 periculumque
580 528 658 611 erat)
676 550 708 591 se
724 528 892 609 obterebat,
907 530 1062 614 increpare
1076 530 1190 615 singuli
1202 552 1236 595 se
1256 532 1383 615 quisque

172 605 204 653 A.
215 606 244 657 ⁰·
255 606 311 657 ³⁷⁸·
338 630 372 683 et
387 619 474 700 alios,
489 629 521 681 et
536 617 710 680 adhortatio
725 615 757 677 in
771 616 870 678 vicem
881 627 978 679 totam
994 618 1086 679 alacri
1102 620 1238 681 clamore
1252 621 1386 703 pervasit

334 706 447 769 aciem.
490 702 598 785 Neque
613 702 690 764 alter
705 703 844 767 tribunus
858 703 902 765 rei
918 702 1033 766 defuit:
1060 705 1126 785 sed,
1149 707 1262 767 misnrs
1284 728 1305 767 a
1318 707 1383 769 ool'·

336 792 406 875 lega
419 792 597 854 restituente
617 787 756 872 peditum
781 789 878 851 aciem
902 789 941 851 ad
962 792 1091 872 equites,
1111 812 1176 853 non
1191 793 1383 874 castigando,

338 878 392 958 (ad
407 896 499 958 quam
513 896 577 937 rem
593 875 736 938 leviorem
748 888 906 938 auctorem
916 896 987 938 eum
999 877 1096 959 culpa
1107 879 1240 941 societas
1251 878 1378 961 fecerat)

334 964 399 1041 sed,
415 964 454 1023 ab
468 961 597 1043 imperio
613 973 696 1039 totus
712 962 752 1023 ad
766 982 874 1044 preces
881 983 996 1041 versus,
1010 982 1099 1026 orare
1111 964 1247 1046 singulos
1259 966 1380 1027 univer·
1421 976 1425 981 ’

1021 1157 1047 1197 rr
1107 1158 1122 1196 s
1200 1158 1218 1198 e
1238 1157 1377 1199 omnrnm

333 1220 461 1304 ‘potius
483 1156 614 1299 socium?
637 1239 728 1300 quam
747 1210 836 1283 unius
853 1156 1031 1304 pn‘identim
1053 1221 1135 1284 dedi.
1178 1221 1323 1284 Camillus
1342 1223 1375 1285 in

333 1307 345 1339 ‘
359 1320 487 1388 utraque
500 1318 601 1369 vestra
615 1306 738 1370 fortuna
752 1328 839 1369 suam
849 1308 979 1390 gloriam
994 1307 1100 1370 videt:
1116 1328 1185 1391 ego,
1197 1309 1229 1370 ni
1241 1311 1376 1371 restitui·

200 1470 202 1475 ·
333 1392 344 1426 ‘
357 1404 407 1455 tur
422 1414 535 1476 pugna,
555 1393 651 1475 (quod
666 1395 869 1456 miserrimum
884 1393 942 1473 est)
966 1394 1123 1456 fortunam
1139 1414 1209 1456 cum
1223 1388 1376 1472 omnibus,

281 1536 284 1541 .
332 1479 516 1543 ‘infamiam
531 1480 614 1542 solus
629 1478 780 1542 sentiam?
824 1479 985 1561 Optimum
999 1481 1099 1542 visum
1113 1483 1196 1558 est‚·
1221 1482 1253 1541 in
1268 1481 1377 1542 lluotu-

333 1578 437 1629 antem
453 1567 550 1628 aciem
566 1566 646 1628 tradi
660 1586 765 1647 equos,
781 1576 813 1628 et
828 1564 961 1648 pedestri
977 1586 1082 1648 pugna
1092 1566 1235 1628 invadere
1248 1567 1379 1629 hostem.

333 1650 417 1714 Eunt
441 1652 574 1733 insignes
596 1650 687 1713 armis
715 1651 893 1731 animisque,
919 1671 981 1731 qua
1003 1653 1101 1734 premi
1126 1664 1215 1734 parte
1243 1654 1379 1715 maxime

330 1738 473 1820 'pediturn
509 1738 614 1820 copias
643 1738 757 1799 vident.
788 1737 875 1817 nihil,
905 1758 1004 1818 neque
1034 1737 1114 1819 apud
1140 1738 1245 1817 duces,
1276 1760 1377 1819 neque

335 1824 419 1907 apud
433 1824 556 1903 milites,
578 1823 741 1901 remittitur
763 1844 782 1883 a
800 1843 921 1885 summo
938 1824 1101 1885 certamine
1122 1824 1227 1886 animi.
1272 1822 1376 1887 Sensit

336 1930 409 1992 ergo
425 1920 548 1972 eventus
562 1909 683 1971 virtutis
705 1910 795 1971 enisa
816 1929 927 1990 opem:
950 1920 984 1971 et
996 1907 1109 1989 Volsci,
1131 1929 1193 1990 qua
1214 1909 1309 1972 modo
1330 1911 1373 1973 si-

335 1995 451 2057 mulato
475 2004 560 2058 metu
585 2000 748 2071 cesserant,
768 2016 807 2057 ea
829 1997 862 2056 in
885 2015 988 2058 veram
1013 1996 1117 2077 lugam
1137 1996 1235 2074 effusi,
1259 2018 1372 2079 magna

334 2100 404 2164 pars
422 2091 458 2143 et
473 2081 504 2141 in
525 2082 593 2163 ipso
613 2082 791 2159 certamine,
812 2092 930 2164 etpost
945 2082 976 2143 in
991 2082 1066 2163 luga
1079 2082 1168 2143 cesi:
1194 2084 1325 2145 u‘ceteri
1340 2084 1373 2145 in

335 2164 451 2245 castris,
479 2186 545 2267 quse
565 2178 657 2249 capta
679 2167 788 2230 eodem
806 2167 912 2250 inpetu
934 2180 1016 2247 sunt,
1030 2167 1132 2252 plures
1151 2180 1255 2230 tamen
1280 2170 1374 2251 capti,

355 2274 426 2315 uam
440 2273 542 2315 occrsr.
609 2299 616 2310 .
771 2268 773 2273 ’

334 2275 354 2335 q
375 2338 476 2402 XXV.
501 2338 562 2402 Ubi
593 2341 625 2400 in
644 2341 836 2403 recensendis
861 2342 988 2421 captivis
1013 2361 1108 2422 quum
1133 2340 1300 2403 Tusculani
1321 2340 1377 2401 ali·

332 2438 408 2507 quot
430 2426 662 2503 noscitarentur,
678 2428 785 2489 secreti
802 2428 841 2488 ab
860 2427 926 2488 aliis
947 2428 989 2489 ad
1011 2428 1151 2489 tribunos
1174 2428 1375 2505 adducuntur,

330 2513 660 2595 percmctantibusque
681 2512 764 2591 fassi,
790 2512 912 2595 publico
937 2513 1066 2594 consilio
1089 2534 1123 2574 se
1144 2514 1300 2575 militasse.
1322 2534 1375 2574 cu-

325 2596 378 2680 jus
394 2609 458 2660 tam
472 2598 564 2677 vicini
579 2597 651 2660 belli
667 2613 749 2662 metu
765 2598 913 2661 Camillus
928 2611 1040 2677 motus,
1064 2599 1247 2682 ‘extemplo
1261 2621 1294 2662 se
1310 2597 1374 2662 Ro-

330 2683 437 2745 ‘mam
448 2685 585 2766 captivos
601 2684 784 2762 ducturum,’
796 2686 850 2763 ait,
866 2686 929 2746 ‘ne
942 2683 1046 2746 Patres
1061 2684 1157 2766 ignari
1173 2687 1244 2764 sint,
1255 2685 1373 2747 iissen-

329 2768 441 2830 ‘lanos
462 2769 501 2829 ab
516 2768 664 2830 societate
688 2769 832 2832 descisse.
854 2771 961 2832 casum
980 2772 1186 2852 exercituique
1200 2772 1331 2848 interim,
1342 2772 1369 2833 si

329 2852 501 2930 ‘videatur,
517 2856 620 2934 praesit
634 2852 772 2935 collega'
816 2853 1012 2918 Documento
1035 2877 1111 2918 nnus
1125 2857 1190 2918 dies
1205 2857 1312 2934 luerat,
1328 2877 1368 2920 ne

329 2959 384 3000 sua
408 2938 535 2999 consilia
557 2939 732 3001 melioribus
747 2941 910 3023 proferret
925 2963 983 3004 nec
997 2954 1098 3005 tamen
1114 2955 1169 3004 aut
1183 2944 1252 3025 ipsi,
1266 2954 1321 3004 aut
1335 2943 1369 3004 in

328 3024 468 3086 exercitu
483 3025 626 3106 cuiquam
637 3027 711 3087 satis
720 3026 843 3108 placato
855 3029 959 3090 animo
968 3027 1113 3091 Camillus
1120 3029 1237 3090 laturus
1247 3029 1372 3109 culpam

328 3108 394 3192 ejus
409 3107 581 3190 ridebatur,⁴
599 3131 660 3192 qua
673 3111 745 3174 data
759 3113 792 3173 in
807 3125 872 3176 tarn
882 3114 1069 3196 precipitem
1083 3135 1187 3176 casum
1202 3113 1373 3197 respublica

328 3206 428 3274 esset;
456 3208 488 3259 et
512 3199 623 3278 quum¹
645 3198 677 3259 in
700 3199 846 3278 exercitu,
867 3210 934 3261 tum
955 3200 1060 3263 Roma
1075 3213 1219 3263 constans
1234 3201 1372 3262 omnium

327 3282 412 3345 sarna
434 3294 509 3362 erat,
533 3304 626 3366 quum
648 3287 732 3346 varia
757 3285 879 3346 fortuna
900 3286 932 3347 in
950 3283 1069 3349 Volscis
1092 3298 1182 3368 gesta
1205 3307 1254 3348 res
1279 3299 1370 3364 esset,

328 3368 459 3430 adversae
483 3389 593 3452 pugne
618 3371 755 3452 fugaeque
780 3371 812 3433 in
832 3370 867 3433 L.
889 3369 981 3433 linio
1004 3374 1137 3455 culpam,
1158 3371 1300 3434 secundae
1317 3371 1372 3434 de·

328 3473 381 3516 cus
403 3475 494 3516 omne
516 3476 609 3537 penes
636 3453 683 3518 M.
704 3456 827 3519 Furium
850 3477 925 3518 esse.
970 3456 1155 3521 Introductis
1177 3459 1209 3520 in
1231 3469 1370 3520 senatum

329 3540 467 3620 captivis,
491 3560 585 3624 quum
606 3542 687 3603 bello
711 3544 936 3625 persequendos
958 3542 1148 3607 naumann
1171 3543 1277 3607 Patres
1296 3540 1369 3606 c'en·

273 3660 279 3674 ·
330 3623 469 3702 suissent,
495 3624 684 3708 Camilloque
708 3628 740 3689 id
755 3630 869 3692 bellurn
884 3623 1099 3708 mandassent3
1126 3629 1295 3712 adjutorem
1309 3630 1366 3691 sibi

197 3727 203 3742 ·
269 3759 277 3777 .
330 3709 371 3772 ad
386 3731 454 3774 eam
474 3731 539 3773 rem
553 3731 648 3774 unum
662 3713 759 3794 petit:
785 3715 1004 3798 permissoque,
1024 3729 1059 3779 ut
1078 3736 1117 3778 ex
1137 3715 1263 3798 collegis
1277 3726 1367 3799 opta·

519 3865 660 3948 *teneritpn'
669 3869 743 3920 Dosa
943 3871 1004 3921 'tan
1019 3871 1093 3924 Gran.
1104 3871 1177 3923 Cres.

355 3980 772 4046 ⁸'RsuanGuiproestarsdsbetst
782 3987 830 4035 for-
861 3985 962 4050 rslinqni
992 4003 1073 4052 equos,
1097 3999 1123 4038 st
1144 3989 1203 4038 tradi
1223 3991 1369 4039 mandas

323 4055 404 4095 tunam
426 4051 478 4112 sjm
499 4048 554 4097 diei.
592 4047 708 4098 ›Rsns'sst
731 4067 791 4116 steps
812 4051 832 4099 is
862 4052 987 4102 salaribus.
1183 4076 1186 4080 ·

325 4124 394 4186 quem
406 4111 494 4162 Gallias
509 4115 606 4164 dicimus
616 4114 754 4177 mansuile.
773 4115 830 4166 vid.
896 4117 918 4151 ¹⁰
929 4117 945 4146 ⁶
958 4117 1031 4167 cans
1046 4120 1071 4166 is
1087 4121 1270 4182 astrimplm
1283 4119 1366 4183 tau]

325 4176 571 4230 emmelina.
861 4181 941 4232 Ceteri
968 4184 993 4230 in
1021 4187 1101 4234 castris
1129 4185 1196 4245 nasi,-
1217 4186 1265 4234 imo
1288 4183 1366 4246 plures

340 4239 368 4314 ⁸⁹
400 4237 430 4285 In
452 4239 608 4300 fluctuantes
638 4244 718 4308 selem]
753 4245 830 4296 Recte
858 4249 1083 4312 ceptiqumcccist
1117 4249 1222 4312 Contigit·
1235 4251 1366 4312 nvimper

324 4301 415 4348 ardetur
449 4306 572 4358 emadan
609 4307 740 4360 &oderim
770 4314 829 4360 lats·
859 4312 993 4375 partinrlanr
1010 4315 1367 4379 midquodnonsxpmit

316 4363 469 4442 Μυκη
484 4372 569 4420 aciem
596 4375 828 4426 normanorum
857 4378 1019 4441 quidemn
1038 4380 1062 4428 in
1083 4392 1164 4434 ments
1182 4380 1275 4434 habuit.
1305 4379 1365 4432 W·

323 4443 394 4487 ⁸⁰¹⁸!
414 4431 513 4480 necdum
529 4438 583 4510 ..ἰὼ
599 4455 613 4485 1
635 4441 785 4504 mpidlfiffle
800 4453 827 4492 et
857 4444 1066 4500 Mrsssdffiffls
1193 4488 1196 4492 ι
1279 4472 1283 4478 ’

262 4521 263 4528 ’
324 4492 560 4564 Qmmuessm
592 4499 863 4576 ΜΜίιῆ·
918 4545 922 4552 ·
975 4507 1133 4555 -·.··‚⁴
1244 4549 1307 4560 ,s
