3175 5200
550 396 672 461 mat
702 398 785 458 Cdl'.
805 396 857 459 H.
1154 458 1159 467 ,
1214 406 1272 471 φ,

196 561 212 595 ⁴
222 558 304 623 inter
314 568 433 641 patrem
445 552 584 619 etlilium
595 576 604 617 ι
619 574 694 619 cura
704 552 922 617 reconciliandi
935 574 989 617 eos
999 554 1031 617 in
1042 554 1174 640 gratiam
1185 576 1255 620 mo-

200 646 213 680 ‘
227 657 324 709 ratrrm
334 664 419 706 esse:
435 657 479 723 et,
489 643 562 725 quia
575 664 614 705 ea
624 664 671 705 res
686 642 850 705 exemisset
864 640 950 703 illum
962 641 1055 721 diem,
1069 653 1195 725 postero
1207 644 1257 707 die

200 732 453 813 ‘mannaque
465 725 695 795 constituisset!
739 730 765 767 ⁸⁴
780 726 830 790 Ne
844 728 877 790 id
897 727 1019 810 quidem
1034 730 1074 791 ab
1086 728 1194 805 'lfrrrno
1206 740 1258 792 tu·
1368 805 1370 809 ,

199 808 272 903 liase
292 819 420 883 tacitum
439 817 551 881 tenna.
567 816 680 883 dixisse
692 816 786 895 enim,
798 815 809 848 ‘
822 816 849 854 ⁸⁵
865 813 991 877 Nullam
1013 817 1180 879 breviorem
1191 838 1266 891 csse¹

200 905 213 939 ‘
227 906 447 988 cognitionem,
458 925 551 988 quam
565 904 646 967 inter
660 915 777 989 patrem
791 900 944 980 etlilium,
955 901 1118 985 paucisque
1131 904 1258 989 transigi

202 992 215 1025 ‘
227 993 325 1055 verbis
337 1013 426 1075 posse
436 1012 456 1054 ι·
468 992 501 1055 ni
515 1003 624 1075 pareat
634 991 725 1075 patri,
735 990 913 1052 habiturum
928 986 1129 1051 infortunium
1139 990 1225 1053 esse.’

247 1076 301 1141 LI.
322 1077 399 1142 Hac
419 1078 572 1141 Aricinus.
583 1078 614 1140 in
632 1085 736 1161 regem
756 1075 932 1139 Romanum
947 1075 1107 1161 increpans
1125 1096 1165 1138 ex
1184 1098 1260 1140 con·

202 1165 275 1229 cilio
285 1166 374 1231 abiit.
419 1166 521 1237 Quam
532 1186 597 1229 rem
606 1163 790 1247 Tarquinius
802 1163 970 1245 aliquanto,
982 1182 1075 1243 quam
1090 1160 1262 1242 videbatur,

203 1253 311 1335 agrius
344 1254 454 1331 serens,
487 1251 650 1315 confestim
682 1250 787 1315 'lbmo
824 1270 932 1313 necem
969 1250 1183 1329 machinatur3
1226 1262 1263 1313 ut

203 1340 346 1403 eltrudem
363 1354 523 1418 terrorem,
538 1359 598 1421 quo
617 1338 727 1401 civium
747 1338 865 1399 animos
884 1336 968 1398 domi
987 1336 1192 1419 obpresserat,
1202 1334 1263 1401 La·
1275 1343 1403 1427 namm-

204 1426 280 1489 tinia
291 1424 440 1509 injiceret.
458 1437 490 1489 et
505 1425 578 1509 quia
593 1427 619 1508 ξ’
630 1446 686 1509 pro
698 1424 827 1507 imperio
839 1422 942 1507 palam
966 1421 1096 1485 interfici
1120 1444 1183 1485 non
1205 1446 1263 1508 po-
1275 1423 1391 1479 wm-

205 1523 300 1591 uerat
322 1513 429 1575 oblato
451 1512 528 1575 falso
550 1512 676 1575 crimine
698 1512 852 1573 insontem
873 1510 1033 1593 obpressit.
1055 1531 1109 1593 per
1132 1511 1264 1574 adversa

204 1592 351 1662 factionis
366 1598 512 1683 quosdam
528 1598 667 1663 Aricinos
681 1618 799 1661 servum
812 1596 909 1660 Turni
924 1616 998 1659 auro
1011 1598 1164 1681 conmpit,
1179 1608 1212 1659 ut
1230 1597 1263 1661 in

206 1685 410 1749 meantium
426 1684 490 1769 ejus
503 1686 725 1769 vimmagnom
745 1684 916 1768 gladiorum
930 1683 1033 1747 inlerri
1045 1684 1126 1747 clam
1141 1684 1264 1749 sineret.

206 1790 351 1855 eaquum
366 1793 427 1835 uua
450 1784 541 1837 nocte
559 1773 698 1857 perlecta
719 1784 832 1851 essent,
852 1770 1047 1855 Tarquinius,
1069 1772 1171 1855 paullo
1191 1783 1265 1836 ante

204 1859 308 1925 lucem
315 1859 427 1923 adcitis
440 1860 480 1923 ad
495 1881 528 1923 se
544 1861 732 1945 principibus
745 1858 935 1937 Latinorum,
956 1859 1088 1941 quasise
1103 1880 1184 1921 nova
1194 1881 1265 1943 per-

203 1946 357 2025 turbatus,
379 1946 390 1980 ‘
415 1966 532 2011 moram
556 1968 643 2011 suam
667 1948 853 2025 hesternam,
873 1945 957 2009 velut
975 1944 1112 2007 Deorum
1132 1945 1267 2027 quadam

206 2032 424 2117 ‘prouidentia
445 2032 595 2112 inlatam,’
618 2040 675 2111 ait,
698 2032 814 2095 ‘saluti
828 2032 886 2095 sibi
907 2043 999 2114 atque
1019 2032 1078 2093 illis
1102 2032 1204 2095 fuisse.
1227 2034 1267 2095 ab

205 2118 339 2183 ‘Turno
362 2119 424 2181 dici
448 2118 505 2181 sibi
531 2131 564 2182 et
589 2119 770 2203 primoribus
785 2118 964 2201 populorum
979 2118 1079 2201 parari
1093 2138 1212 2196 necem,
1231 2130 1269 2181 ut

207 2203 414 2271 ‘latinorum
449 2206 530 2269 solus
558 2205 718 2289 imperium
754 2216 872 2267 teneat.
919 2203 1141 2286 Adgressumm
1178 2202 1270 2267 fuisse

205 2291 380 2355 fhcstemo
405 2292 455 2353 die
482 2292 514 2355 iu
542 2291 684 2355 concilio.
707 2290 837 2354 dilatam
863 2310 1029 2369 ramesse,
1059 2290 1141 2373 quod
1164 2303 1272 2354 auctor

205 2377 222 2444 .‘
236 2378 359 2441 concilii
374 2378 513 2457 abuerit‘,
536 2400 626 2461 quem
641 2378 774 2441 maxime
785 2390 918 2462 peteret.
948 2375 1023 2441 lude
1037 2377 1121 2439 illam
1136 2378 1288 2461 absentis,
1363 2437 1367 2444 s

206 2466 222 2531 .‘
235 2464 471 2541 insectationem
485 2476 680 2545 cesenatem,
703 2464 787 2549 quod
806 2464 956 2527 morando
978 2486 1063 2548 spem
1087 2464 1270 2531 destituerit.

210 2549 309 2616 ‘Non
323 2551 473 2635 dubitare,
494 2552 520 2616 si
536 2552 809 2634 remunerantur,
830 2553 904 2636 quin
918 2552 1018 2637 prima
1029 2551 1107 2632 luce,
1128 2552 1181 2615 ubi
1196 2573 1270 2629 ven,-

208 2639 222 2694 .‘
235 2651 304 2704 urm
326 2640 361 2702 in
380 2641 543 2704 concilium
570 2642 621 2720 sit,
643 2641 806 2706 instruens
830 2661 901 2704 cum
925 2638 1157 2722 conjuratorum
1177 2661 1270 2717 manu

207 2726 431 2810 ‘armaturaque
440 2739 583 2793 venturus
596 2728 651 2791 sit.
690 2726 774 2807 Dici,
796 2727 966 2812 gladiorum
985 2727 1143 2810 ingentem
1160 2749 1270 2792 nume·

206 2813 302 2878 frum
316 2835 382 2878 esse
397 2815 441 2878 ad
452 2836 522 2878 eum
537 2827 728 2890 convectum,
748 2815 779 2878 id
793 2835 906 2881 uanum
920 2836 978 2878 nec
992 2835 1033 2890 ne
1045 2815 1097 2895 sit,
1112 2816 1271 2900 extemplo
1388 2859 1391 2868 -

209 2901 304 2976 ‘sciri
318 2924 419 2987 posse.
446 2901 568 2986 Rogare
583 2925 646 2982 eos,
666 2914 703 2968 ut
717 2903 788 2968 inde
802 2924 906 2966 secum
919 2903 960 2969 ad
972 2900 1112 2982 ‘liranum
1125 2902 1271 2980 veniant?

208 2985 393 3077 Srupectam
416 2990 491 3056 fecit
511 3011 574 3054 rem
587 3002 628 3054 ‘et
641 2991 797 3075 ingenium
810 2988 907 3063 'llrmi
922 2990 1018 3069 lcmx,
1039 3001 1074 3054 et
1086 2991 1187 3054 oratio
1200 2992 1272 3053 hes·

206 3086 311 3156 terna,
332 3089 365 3140 et
384 3097 471 3140 mora
491 3075 676 3160 Tarquinii3
709 3077 791 3160 quod
816 3077 973 3141 videbatur
998 3078 1132 3140 obeam
1156 3077 1272 3140 differri

213 3161 470 3245 cadespotuisse.
513 3161 597 3226 Eunt
611 3164 764 3226 inclinatis
788 3165 912 3245 quidem
935 3164 976 3225 ad
999 3164 1185 3225 credendum
1203 3163 1272 3224 ani·

212 3247 283 3326 nris,
306 3259 421 3327 tumen,
442 3248 501 3310 nisi
523 3249 634 3330 gladiis
657 3249 863 3332 deprehensis,
884 3260 989 3313 cetera
1011 3269 1093 3312 vana
1114 3250 1272 3313 existima·
1353 3279 1358 3294 ·

210 3334 286 3398 turi.
344 3331 406 3395 Ubi
438 3345 486 3396 est
518 3355 555 3398 co
580 3345 715 3413 rentum,
745 3332 883 3401 'furnum
908 3356 948 3403 ex
971 3357 1082 3400 somno
1105 3336 1273 3406 excitatum

212 3418 441 3484 circumsistunt
462 3421 632 3484 custodes:
665 3423 951 3507 comprehensisque
975 3425 1080 3506 servia
1114 3427 1165 3510 qui
1193 3428 1273 3492 cari·

207 3517 282 3570 tate
303 3507 420 3569 domini
442 3508 504 3570 vim
528 3509 688 3594 parabant,
710 3529 803 3592 quum
830 3511 926 3595 gladii
951 3513 1048 3575 abditi
1071 3533 1110 3577 ex
1132 3515 1273 3578 omnibus

209 3591 288 3658 locis
315 3593 491 3658 deuerticuli
509 3605 524 3634 ⁰
555 3596 827 3680 protralrcrentur3
860 3600 1014 3665 enimvero
1038 3601 1275 3680 manifestares

211 3681 288 3761 visa,
311 3677 489 3764 injectaque
521 3679 628 3746 'I'urno
661 3695 802 3748 catena:
839 3697 873 3749 et
895 3687 1059 3751 confestim
1092 3686 1274 3752 latinorum
1295 3719 1303 3728 ·

211 3767 379 3830 concillum
397 3789 511 3852 magno
529 3791 604 3833 cum
628 3771 760 3834 tumultu
780 3771 956 3838 advocatur.
1001 3773 1048 3837 lbi
1063 3777 1088 3822 ⁸⁷
1102 3787 1169 3838 tam
1183 3787 1274 3838 atrox

207 3853 329 3936 invidia
343 3867 413 3920 orta
428 3869 486 3938 est,
507 3857 618 3940 gladiis
642 3858 673 3921 in
694 3857 797 3922 medio
812 3859 932 3947 positis,
954 3871 1000 3942 ut,
1023 3859 1141 3924 indicta
1154 3882 1290 3942 caussa·

377 3989 386 4023 ⁸
400 3987 497 4056 olffuerit
507 3991 582 4040 Gron.
594 3989 667 4041 Crev-
894 3999 907 4026 ¹
922 3993 1050 4042 diverticuli
1059 3992 1128 4043 Eaed.

240 4105 270 4141 *θ
286 4103 322 4154 Nc
332 4105 465 4171 ldqulrlen]
480 4107 629 4172 Tarquinius.
643 4119 669 4156 ut
685 4105 724 4156 fe·
755 4107 931 4158 Nullamlitem
941 4109 1036 4158 bassim
1056 4121 1081 4159 et
1098 4109 1190 4158 facilins
1205 4110 1268 4174 dilu-

206 4173 351 4286 &mute
360 4173 456 4287 'witon
475 4173 725 4287 pulit.hsivestttplit
755 4175 827 4288 qimi
845 4173 1071 4289 ffaoefflfflgailio
1091 4175 1137 4224 hoc
1159 4175 1211 4225 loto
1232 4189 1271 4226 est

270 4253 311 4285 um
450 4255 527 4288 με.
554 4255 596 4288 soc
625 4255 726 4288 erasm
869 4255 893 4287 so
967 4255 1031 4288 nrm.

208 4303 387 4352 *amalonem
407 4303 501 4354 :amtt-
525 4321 572 4354 nou
598 4255 725 4354 tnnimiait
760 4255 852 4358 ,Ἢ
875 4257 922 4352 Pi·
942 4305 1043 4370 inperio]
1072 4307 1162 4373 Apeno
1181 4309 1268 4370 lm:

210 4365 316 4417 'lituu
349 4369 684 4438 Diciturquislaeitassserrs
693 4371 727 4430 ld,
752 4370 820 4433 quod
832 4369 1154 4429 Gallidkimand'amorlte.
1199 4395 1202 4400 ·

209 4431 467 4484 eumaeum-t.
500 4435 540 4486 Sic
558 4447 597 4485 nr.
616 4440 658 4488 tt».
694 4434 727 4485 ta
789 4435 1270 4502 ”wamma-tamewu-

214 4485 386 4568 tsor'tusssem,
399 4501 586 4562 melonula
752 4511 806 4549 *ran
824 4501 935 4550 urocaer
945 4504 1037 4552 incensa
1048 4504 1269 4573 mtin'l'usnnn,

210 4590 214 4598 ·
241 4557 513 4626 4ξ’*ΝιιιΙιιιὸιιιιιιιιιι
521 4563 728 4640 mmm]
757 4567 1155 4633 eoquat-cisoranum
1217 4585 1224 4596 ¹
