3175 5200
531 1492 921 1523 W...-

628 1845 760 1899 sncrlo
787 1843 819 1893 1.

527 2063 574 2122 De
596 2061 676 2121 tivit
696 2069 782 2121 celate
807 2068 837 2120 et
860 2063 932 2120 vilo.

256 2253 299 2327 T.
317 2249 519 2339 LIVIUS,
533 2249 565 2322 si
581 2247 769 2321 Chronico
784 2247 939 2320 Eusebii
955 2247 1049 2322 fides
1065 2248 1248 2342 habenda,

203 2362 318 2427 natus
336 2360 395 2425 est
411 2375 443 2422 a.
462 2373 500 2422 o.
520 2373 554 2420 c.
572 2371 707 2420 ncxcv.
726 2354 765 2419 et
782 2345 876 2419 obiit
892 2345 1037 2436 eodem,
1064 2372 1140 2443 quo
1158 2351 1250 2424 Ovi·

202 2451 302 2542 dius,
319 2472 429 2537 anno,
450 2471 488 2520 u.
507 2472 540 2519 c.
560 2469 720 2519 occnxx.
738 2469 774 2540 p.
794 2444 864 2517 Ch.
876 2469 914 2517 n.
927 2444 984 2521 17.
1004 2446 1250 2541 quadriennio

202 2555 469 2722 postmortem
488 2543 654 2643 Augusti
672 2545 769 2641 Imp.
785 2545 923 2618 Natale
940 2543 974 2618 ei
992 2543 1117 2620 solum
1132 2545 1250 2623 fuisse

234 2648 410 2736 atavium,
422 2646 653 2719 Venetorum
667 2642 764 2741 Opp.
779 2645 818 2716 in
837 2642 959 2716 Gallia
974 2642 1251 2743 Transpadana,

202 2746 256 2845 (h.
275 2744 415 2841 Padus)
437 2742 538 2841 quod
555 2743 603 2818 ab
619 2742 814 2816 Antenore
838 2740 886 2816 ad
910 2742 1112 2817 'limarum
1138 2744 1177 2817 fl.
1196 2746 1249 2843 (n

201 2846 377 2941 ulmavo)
418 2867 440 2916 a
479 2866 556 2940 quo
590 2852 719 2917 tamen
752 2842 868 2941 longe
901 2842 1018 2929 abest,
1055 2842 1251 2919 conditum

231 2946 325 3018 oetae
358 2942 499 3031 dicunt,
539 2950 673 3039 praeter
709 2940 801 3014 alios
843 2940 981 3016 docent
1014 2940 1252 3017 Simmaehus

201 2971 323 3141 Epist.
349 3042 387 3130 4,
417 3042 476 3117 18.
513 3038 692 3115 Sidonius
718 3041 759 3113 in
784 3062 964 3139 panegyr.
990 3039 1188 3116 Anthemii
1213 3067 1250 3117 v.

205 3142 291 3217 188.
309 3150 349 3214 et
365 3140 505 3215 Statius
524 3138 666 3230 811114,
684 3138 718 3216 7.
738 3150 831 3211 extr.
849 3139 915 3211 ubi
933 3138 1114 3212 ‘Timavii
1130 3141 1253 3213 alum·

204 3240 291 3313 nus'
313 3246 483 3313 vocatur.
545 3236 692 3311 Eodem
721 3244 894 3333 spectant
922 3239 1037 3310 verba
1066 3236 1253 3311 Martialis

208 3336 340 3433 Epigr.
358 3338 393 3423 l,
411 3338 472 3424 62,
491 3338 529 3408 3.
581 3334 794 3406 ‘Censetur
810 3335 947 3429 Apona
966 3333 1173 3431 (Patavina)
1193 3336 1255 3409 Li-

208 3434 271 3507 vio
289 3457 358 3506 suo
375 3434 486 3507 tellus
499 3430 706 3525 Stellaque,
723 3454 791 3504 nee
810 3430 946 3503 Flacco
962 3431 1110 3506 minus?
1151 3434 1253 3509 Nam

206 3530 388 3605 Aruntius
403 3529 521 3605 Stella
537 3528 825 3627 elegiographus
842 3539 881 3603 et
896 3528 1066 3604 Valerius
1082 3532 1254 3623 Elaccus,

208 3629 273 3727 qui
290 3628 547 3727 Argonautica
563 3626 721 3725 scripsit,
738 3626 842 3701 fuere
858 3628 1038 3719 Patavini,
1058 3630 1175 3725 (unde
1192 3632 1254 3705 hio

209 3729 324 3803 etiam
335 3728 376 3801 in
393 3726 521 3825 Epigr.
539 3728 571 3818 l,
586 3725 647 3818 77,
661 3730 695 3801 2.
726 3734 737 3767 ‘
754 3725 962 3801 Antenorei
979 3751 1065 3825 spes
1078 3737 1118 3802 et
1133 3729 1255 3805 alum-

208 3850 281 3902 nus
294 3824 414 3901 Laris’
433 3824 583 3922 dieitur)
602 3834 641 3899 et
653 3826 812 3925 Aponus
824 3825 909 3899 fons
922 3848 1037 3924 prope
1049 3827 1255 3918 Patavium,

210 3926 320 4025 eujus
337 3948 450 4023 aquas
467 3924 634 3998 salubres
652 3931 691 3997 et
707 3924 845 3999 calidas
864 3924 1067 3999 celebravit
1082 3924 1256 4001 Claudia·

209 4050 285 4099 nus
301 4024 341 4098 in
357 4022 466 4123 Idyll.
484 4046 537 4095 vr.
564 4026 622 4119 (ae.
641 4022 771 4121 Epigr.
797 4025 900 4119 vlu.)
930 4046 1054 4119 neque
1080 4023 1256 4101 audiendi

211 4132 313 4214 sunt,
332 4124 393 4220 qui
411 4146 433 4199 a
448 4120 622 4195 Martiale
639 4120 796 4219 Aponus
819 4120 1009 4218 designari
1032 4120 1160 4197 vicum
1186 4124 1255 4199 Pa·
1282 4203 1285 4210 ,

209 4221 314 4302 tario
329 4219 543 4320 proximum
570 4220 621 4317 (h.
639 4220 790 4315 Abano)
817 4220 1061 4296 contendunt.
1113 4223 1256 4305 Quam-
1339 4251 1347 4264 ·

213 4330 330 4418 q'uam
358 4318 460 4394 enirn
492 4318 619 4393 Livius
653 4320 706 4394 ita
734 4318 944 4395 Patavinas
960 4319 1109 4399 ,eodem
1141 4322 1257 4397 modo

216 4417 393 4520 adpellari
415 4417 548 4519 potuit,
573 4442 652 4518 quo
676 4418 848 4495 Catullus
879 4419 1109 4511 Veronensis,
1134 4418 1259 4519 Vrrgi·

715 4528 771 4582 a2
1353 4526 1364 4545 ·
