3175 5200
200 564 232 615 U·
243 564 274 615 C.
281 561 339 617 316.

199 630 231 677 Α.
242 629 272 677 C.
283 628 338 681 4⁰6.

198 694 275 742 Volsci
288 702 312 740 at

200 758 270 822 Equi
281 756 331 807 bel.

199 824 319 875 luminit-

200 900 263 939 runt.

363 404 422 463 aas
719 402 727 430 κ
763 391 848 459 uns
863 352 966 457 nvn

363 556 449 639 ‚quod
482 557 639 641 petebant,
671 554 897 641 exprimerents
929 574 1022 639 quum
1051 555 1130 619 mira
1168 558 1412 643 opposmsitate,

366 642 495 707 Volscos
521 656 553 708 et
578 642 698 725 AEquos
725 645 894 728 praedatum
920 654 1008 706 extra
1034 642 1111 706 fines
1133 646 1233 707 exisse
1254 647 1286 708 in
1303 668 1412 728 agrurn

367 730 510 795 Latinum
534 729 771 815 Hemicumque‚
802 731 946 795 adfertur.
969 731 1010 794 ad
1043 732 1128 813 quod
1159 732 1273 795 bellum
1292 734 1346 795 ubi
1373 742 1413 796 eir

368 818 630 881 senatusconsulto
661 818 800 881 consules
831 819 984 882 delectum
1008 817 1122 881 habere
1152 820 1329 903 occipiunt3
1354 822 1412 883 ob-

369 916 450 969 stare
465 915 543 977 ‚tunc
565 905 653 969 enixe
683 906 808 985 tribuni,
828 906 885 968 sibi
911 905 1053 990 plebique
1072 927 1140 969 eam
1154 906 1309 969 fortunam
1324 908 1411 970 obla-

369 1004 433 1055 tam
457 1002 669 1055 memorantes.
701 992 777 1056 Tres
792 1005 891 1072 arant,
907 1005 939 1054 et
954 1012 1061 1055 omnes
1077 994 1216 1061 acerrimi
1231 994 1297 1071 viri,
1312 997 1340 1033 ⁸¹
1355 1016 1411 1077 ge-

369 1080 528 1162 nerosique
543 1078 651 1163 jamffl,
667 1091 701 1143 ut
721 1079 802 1144 inter
820 1080 962 1162 plebeios.
978 1079 1050 1158 duo,
1065 1080 1178 1163 singuli
1192 1080 1337 1163 singulos,
1352 1081 1410 1144 sibi

297 1182 303 1197 ·
370 1166 509 1238 consules
520 1167 721 1229 adservandos
736 1166 864 1229 adsidua
877 1187 971 1249 opera
984 1166 1169 1230 desumunt:
1190 1168 1243 1229 uni
1255 1170 1408 1231 concioni-

211 2656 304 2704 Fmstrs
319 2671 332 2703 s

210 2721 279 2769 Rom.
290 2732 342 2769 ten·

209 2797 262 2837 tata.

369 1256 424 1317 bus
446 1254 519 1317 deta
541 1274 621 1317 nunc
640 1254 814 1332 detinenda,
836 1273 917 1316 nune
934 1254 1115 1332 concienda,
1145 1254 1241 1337 plebs.
1274 1254 1338 1317 Nec
1352 1256 1407 1318 de-

369 1342 480 1407 lectum
501 1342 650 1421 consules,
673 1362 731 1403 nec
746 1341 882 1419 comitia,
898 1361 964 1423 quae
978 1342 1136 1423 petebant,
1150 1342 1264 1404 tribuni
1285 1343 1409 1427 expedi-

370 1431 472 1493 ebant.
494 1429 659 1494 inclinante
686 1428 797 1491 deinde
829 1438 888 1491 se¹¹
911 1428 1034 1491 fortuna
1065 1430 1106 1492 ad
1134 1449 1272 1491 caussam
1305 1430 1412 1513 plebis,

370 1517 472 1579 nuncii
509 1517 645 1595 veniunt,
678 1537 778 1577 arcem
805 1515 1040 1594 Carventanam,
1067 1515 1191 1599 dilapsis
1218 1516 1259 1577 ad
1279 1517 1413 1599 praedarn

370 1604 516 1667 militibus
538 1604 588 1685 qui
615 1604 647 1665 in
677 1603 817 1686 praesidio
835 1614 933 1681 erant,
950 1600 1081 1685 AEquos,
1111 1602 1279 1666 interfectis
1308 1604 1413 1688 paucis

370 1690 546 1754 custodibus
562 1690 651 1771 arcis,
677 1690 829 1753 invasisse.
852 1690 928 1753 alios
955 1700 1140 1753 recurrentes
1155 1690 1187 1751 in
1202 1710 1314 1769 arcem,
1336 1691 1413 1752 alios

370 1778 508 1862 palantes
534 1778 565 1840 in
590 1777 670 1859 agris
696 1799 798 1840 caesos.
837 1775 884 1839 Ea
906 1777 1034 1839 adversa
1058 1777 1171 1840 civitati
1193 1778 1330 1839 res'vires
1354 1778 1410 1839 tri·

370 1865 498 1927 bunicioe
520 1864 633 1927 senoni
661 1863 782 1946 adjecit.
804 1865 1010 1948 nequidquam
1039 1863 1117 1927 enim
1146 1863 1268 1942 tentati,
1292 1874 1329 1925 ut
1342 1874 1409 1925 tum

371 1951 502 2033 denique
521 1951 702 2015 desisterent
725 1952 909 2036 inpediendo
924 1952 1016 2031 bello,
1031 1963 1189 2035 postquam
1208 1971 1271 2013 non
1292 1971 1409 2013 cessere

372 2059 428 2102 nec
443 2037 572 2121 publica
590 2040 776 2122 tempestati,
803 2060 860 2102 nec
885 2060 946 2101 suae
961 2037 1088 2117 invidiae,
1103 2038 1289 2123 pervincunt,
1306 2049 1341 2099 ut
1361 2042 1411 2099 'se-

371 2126 636 2189 natusconsultum
651 2124 705 2190 fiat
728 2127 766 2188 de
786 2128 915 2189 tribunis
936 2126 1067 2189 militurn
1080 2126 1237 2188 creandis:
1264 2134 1347 2187 certo
1361 2137 1412 2186 ta-

372 2234 442 2276 men
470 2224 572 2295 pacto‚
593 2235 632 2275 ne
658 2212 742 2296 cujus
757 2215 838 2278 ratio
853 2215 1024 2293 haberetur,
1050 2214 1101 2295 qui
1112 2218 1116 2225 '
1127 2234 1166 2275 eo
1182 2233 1264 2274 anno
1276 2212 1416 2273 tribunus

372 2300 469 2384 plebis
493 2314 592 2365 esset:
621 2321 695 2363 neve
710 2302 776 2383 quis
792 2302 965 2364 reficeretur
993 2302 1024 2363 iu
1051 2321 1165 2363 annum
1190 2300 1327 2362 tribunus
1351 2299 1416 2382 ple·

375 2388 441 2464 bis3
464 2387 546 2449 haud
572 2388 662 2451 dubie
693 2386 792 2451 lcilios
817 2389 983 2453 denotante
1003 2398 1120 2466 senatu,
1143 2408 1219 2469 quos
1246 2385 1417 2449 mercedem

378 2474 515 2537 seditiosi
531 2474 702 2553 tribunatus
712 2478 738 2515 θ’
753 2488 858 2559 petere
873 2474 1064 2538 consulatum
1078 2474 1307 2537 insimulabant.
1337 2470 1418 2534 'lum

379 2560 512 2624 delectus
540 2561 655 2642 heberi,
676 2562 849 2645 bellumque
869 2564 1005 2626 omnium
1024 2563 1164 2627 ordinum
1194 2580 1344 2626 consensu
1362 2560 1419 2622 ad·

376 2648 476 2730 parari
492 2659 637 2730 coeptum.
681 2648 829 2713 Consules
843 2653 935 2714 ambo
950 2650 1079 2735 proiecti
1092 2651 1156 2713 sint
1170 2650 1210 2712 ad
1226 2669 1326 2712 arcem
1342 2646 1419 2710 Car-

377 2745 552 2811 ventanam,
568 2755 607 2797 an
631 2736 709 2798 alter
724 2737 764 2798 ad
775 2739 901 2800 comitia
921 2739 1063 2800 habenda
1076 2737 1253 2815 substiterit,
1267 2737 1417 2797 incertum

378 2821 485 2884 diversi
497 2832 634 2885 auctores
652 2822 788 2886 faciunt:
819 2828 846 2863 ³⁴
862 2825 915 2887 illa
928 2847 986 2909 pro
1001 2837 1086 2887 certo
1099 2824 1250 2903 habenda,
1264 2823 1417 2904 inquibus

378 2929 440 2971 non
462 2908 654 2988 dissentiunt,
677 2911 716 2973 ab
742 2932 811 2973 arce
827 2910 1020 2975 Carventana
1040 2933 1132 2994 quum
1146 2911 1198 2973 diu
1211 2909 1416 2992 nequidquam

211 3016 317 3080 Verrugo
328 3030 365 3065 rs.
378 2996 555 3080 obpugnata
578 3010 669 3076 esset,
690 3019 860 3062 recessum:
883 2996 1081 3082 Verruginem
1106 2999 1138 3060 in
1161 2996 1279 3060 Volscis
1307 2995 1418 3058 eodem

208 3095 273 3147 cepta
287 3101 301 3133 a

211 3149 280 3201 Rom.

379 3084 514 3148 exercitu
541 3096 707 3169 receptam,
735 3086 1004 3172 populationesque
1018 3099 1052 3151 et
1077 3086 1194 3170 praedas
1217 3085 1295 3149 etin
1308 3080 1419 3165 AEquis

378 3183 409 3236 et
420 3171 450 3236 in
465 3169 577 3262 Volsco
593 3193 666 3256 agro
681 3173 821 3256 ingentes
841 3175 950 3239 iactas.

505 3296 510 3320 κ
568 3356 749 3434 sensuros.
954 3356 1219 3408 astoensem.

404 3521 427 3555 ²⁹
444 3521 657 3590 Generosiqsrsjam]
674 3525 724 3576 Oui
736 3526 782 3592 jam
794 3527 882 3592 incipe·
911 3527 1091 3588 natusconsulto‚
1111 3541 1157 3590 qtto
1175 3523 1279 3574 denotati
1296 3521 1358 3572 baud
1375 3521 1421 3570 du·

372 3597 425 3634 rent
435 3586 509 3648 aliqua
518 3590 607 3648 generis
616 3590 749 3642 claritudine
759 3593 883 3651 nobilitari,
913 3593 951 3642 bie
969 3594 1032 3642 lcilii
1049 3609 1116 3657 supra
1132 3592 1250 3654 deantur,
1268 3589 1422 3640 excluduntur

372 3651 881 3786 lfflquuldlml
911 3655 1424 3775 llllaalltltllml

605 3757 612 3784 l
1121 3757 1128 3782 Ι

371 3782 400 3830 sd
418 3783 468 3832 hac
479 3795 581 3848 tempora
591 3787 694 3838 curulem
704 3789 817 3840 honorem
828 3805 880 3852 gas·
911 3791 973 3841 tum
1002 3789 1238 3841 Undaexistimsmsu
1252 3787 1423 3836 mendosum

370 3849 451 3898 sisset:
468 3850 659 3904 nisilortetresa
670 3857 880 3905 secundoDeeern·
912 3858 937 3906 iu
955 3871 1010 3906 voce
1029 3860 1174 3915 muctam,
1191 3867 1217 3902 et
1236 3857 1288 3917 eliu
1305 3852 1356 3900 loeo
1376 3849 1423 3910 lezi

371 3915 472 3964 virorum
482 3917 587 3980 collegio,
596 3920 625 3969 de
636 3921 719 3985 quibus
728 3922 774 3970 vid.
785 3935 833 3970 not.
841 3925 881 3971 49.
912 3936 979 3987 possa
997 3923 1137 3972 murm.
1177 3918 1239 3973 Quos
1252 3919 1378 3978 moscin,
1399 3915 1424 3962 id

371 3981 398 4029 sd
418 3994 459 4031 ur.
479 3985 520 4033 35.
537 3985 578 4033 sed
596 3985 640 4036 hoc
656 3989 881 4051 noniuexemplum
913 4001 957 4047 est,
977 4003 1019 4052 pro
1046 3987 1151 4038 mercede
1179 3985 1274 4033 ιιᾰὶείωι·
1298 3984 1425 4031 tribunatu

370 4047 464 4097 abierat.
510 4049 621 4100 Ceterum
647 4053 732 4114 vulgati
758 4053 810 4100 libri
840 4051 881 4099 ba·
911 4065 983 4116 petere
1012 4055 1145 4104 somniarent
1170 4065 1255 4114 nempe
1278 4049 1425 4098 tribunatum

371 4111 426 4160 bent
437 4115 476 4162 hic
484 4119 623 4181 gaianique
632 4121 706 4177 ulam,
718 4128 798 4167 contra
808 4117 880 4165 MSS.
913 4119 1076 4170 insisnulubunt.
1117 4118 1180 4165 Tam
1206 4116 1251 4164 dici
1275 4124 1352 4180 potest
1379 4113 1425 4160 ω’·

371 4187 422 4224 tum
446 4178 654 4250 Gronovianorum‚
679 4197 729 4234 tum
751 4194 881 4231 nostrorum
912 4184 1007 4233 bunone·
1026 4185 1152 4241 muniaris,
1177 4181 1352 4246 quamosbm'
1370 4192 1425 4225 oon·

371 4239 447 4288 fldem·
913 4251 1015 4299 mlum:
1041 4265 1087 4313 quo
1109 4250 1203 4299 nornine
1225 4247 1259 4294 illi
1282 4247 1427 4307 magistratus

404 4305 427 4340 ⁵³
439 4304 669 4381 Petereeunsulotnm]
680 4314 881 4365 Consulatusnon·
913 4316 1054 4380 appellantur
1062 4315 1130 4376 infra,
1140 4329 1166 4363 v.
1176 4315 1216 4362 25.
1228 4323 1254 4362 et
1264 4325 1301 4362 vs.
1311 4314 1352 4361 39.

372 4371 427 4418 dum
445 4373 535 4434 petebat
554 4379 655 4440 plebeiis,
665 4383 804 4445 proindeque
815 4381 883 4438 Icilii,
945 4381 968 4414 ³⁴
981 4381 996 4410 *
1009 4378 1283 4441 Illiproaertoltsbendo]
1302 4376 1342 4424 Sic
1358 4389 1429 4440 supa

373 4453 445 4500 quum
462 4434 513 4484 ficri
531 4443 634 4492 cumides
651 4448 745 4497 omnino
762 4463 810 4496 oon
828 4463 882 4511 pos·
914 4460 932 4496 1.
943 4447 967 4493 3.
1001 4444 1058 4500 Quis
1071 4463 1118 4495 sem
1135 4454 1181 4495 tan
1199 4452 1290 4493 mm
1306 4456 1349 4508 pm
1367 4447 1429 4490 eam

372 4513 433 4560 sent,
450 4501 576 4582 insimulari
598 4525 688 4576 quoque
712 4528 758 4564 son
776 4525 883 4578 poterant
913 4509 1023 4578 affirmati
1402 4519 1407 4526 '

373 4567 471 4621 sffecuu
489 4572 627 4627 conmissus.
666 4577 780 4631 Preteres
799 4594 828 4630 eo
845 4593 882 4630 te·
