3175 5200
513 417 843 488 manutenere
1146 431 1207 486 sss
1294 401 1298 408 ’

153 571 164 604 ‘
179 570 201 634 li
211 569 345 638 Romani
361 572 501 637 mundis
516 575 578 638 auis
588 575 688 654 rebus,
702 595 764 638 non
776 574 921 653 adversim
930 587 966 640 ut
976 572 1137 661 Campani,
1151 590 1203 641 te·
1216 612 1251 665 u,
1261 610 1291 662 c,
1302 613 1361 664 tlt.
1492 618 1496 626 ·

154 658 165 704 ‘·
179 660 316 724 nissentr
333 672 364 723 et
378 662 519 725 adversus
543 660 697 726 Sidicinos
719 675 875 726 sumerent
887 683 985 742 arma,
999 684 1069 728 suos
1083 685 1203 750 semper
1215 681 1247 731 Α,
1259 679 1289 728 c.
1299 679 1358 732 3³8.

153 745 165 778 ‘
181 745 295 826 hostes,
310 747 416 831 populi
436 747 568 812 Romani
589 769 756 832 numquam
772 748 897 812 amicos.
908 750 961 832 qui
975 771 1044 829 nec,
1057 763 1093 812 ut
1111 749 1202 816 Sam·

152 829 164 866 ‘
179 832 268 912 nites,
283 835 315 898 in
330 855 406 918 pace
422 835 601 915 amicitiam,
615 856 683 914 nec,
698 848 734 899 ut
748 835 911 920 Campani,
924 837 1071 901 amilium
1081 838 1113 904 in
1122 838 1204 902 bello

152 917 164 952 ‘
179 921 337 1001 petissent,
352 941 409 984 nec
421 922 452 984 in
464 919 524 985 fide
534 922 638 1006 populi
652 921 795 1001 Romani,
806 928 882 986 ⁸nec
891 922 946 984 ini’
956 923 1072 986 ditione
1082 925 1203 988 ement'

197 1001 240 1068 11.
262 1006 364 1078 Quum
387 1007 425 1076 de
450 1009 611 1092 postulatis
635 1005 821 1072 Samnitium
851 1007 902 1072 Tr.
926 1006 1071 1072 AEmilius
1094 1025 1204 1095 prator

151 1103 294 1156 senatum
315 1095 524 1174 continuisset,
545 1095 793 1178 reddendumque
813 1097 861 1158 his
884 1095 984 1160 foedus
1005 1095 1110 1160 Patres
1130 1118 1203 1162 cen-

152 1179 293 1258 suissent,
307 1193 418 1264 pretor
432 1179 621 1245 Samnitibus
635 1183 813 1266 respondit:
837 1181 928 1246 ‘Nec
943 1203 1004 1264 quo
1019 1184 1118 1246 minus
1133 1206 1203 1268 per·
1290 1253 1294 1262 ,

151 1265 164 1385 ἶ
178 1279 273 1416 ξξξὲἶ
286 1287 357 1418 ῗίἒὲ
372 1268 576 1435 ‘nunt
585 1269 933 1440 ditinum}
947 1267 1130 1440 3pr
1141 1284 1205 1422 :a

152 1439 164 1472 ‘
179 1443 329 1504 contracti
344 1443 466 1506 mdium
482 1443 609 1526 ceperit,
630 1441 766 1506 arnicitia
787 1442 827 1505 de
848 1443 969 1526 integro
982 1443 1205 1510 reconcilietur.

151 1525 163 1558 ‘
179 1525 270 1598 Quod
282 1528 321 1592 ad
330 1525 482 1594 Sidicinos
492 1529 663 1614 adtineat0,
674 1528 750 1592 nihil
761 1529 920 1607 intercedi,
929 1550 989 1611 quo
1000 1529 1100 1592 minm
1111 1527 1203 1592 Sam-

152 1611 236 1678 ‘niti
252 1615 367 1698 populo
385 1617 470 1699 pacis
490 1615 775 1698 belliquerlibpnrm
798 1616 957 1680 arbitrium
971 1614 1032 1678 sit!
1077 1613 1205 1680 Foedere

153 1700 226 1780 icto,
241 1721 335 1782 quum
347 1702 471 1765 domurn
492 1702 696 1780 revertissent,
710 1701 866 1785 extempio
887 1701 958 1764 inde
971 1701 1123 1764 exercitam
1138 1701 1204 1766 Ro-

152 1807 262 1848 manus
277 1787 436 1866 deductus,
450 1808 552 1850 annuo
567 1786 719 1870 stipendio
731 1799 763 1850 et
778 1788 871 1852 trium
885 1787 1035 1852 mensium
1050 1787 1204 1869 formento

152 1884 301 1956 accepto,
325 1875 406 1956 quod
429 1875 588 1958 pepigerat
610 1873 727 1952 consul,
749 1885 785 1936 ut
807 1886 929 1958 tempus
955 1874 1086 1937 induciis
1105 1875 1205 1956 daret,

151 1959 253 2040 quoad
269 1959 363 2042 legati
378 1960 538 2023 redissent.
582 1957 749 2039 Samnites,
770 1961 868 2044 copiis
889 1961 1008 2037 iisdem,
1033 1961 1143 2041 quibus
1156 1962 1204 2022 usi
1251 2017 1255 2028 ,

152 2045 294 2108 adversus
311 2046 484 2110 Romanum
501 2047 614 2110 bellum
628 2045 759 2125 fuerant,
774 2058 882 2109 contra
896 2044 1050 2108 Sidicinos
1064 2045 1205 2130 profecti,

132 2131 235 2195 baud
260 2133 291 2195 in
321 2133 415 2196 dubia
437 2153 491 2216 spe
517 2145 605 2195 erant
629 2145 748 2196 mature
773 2133 857 2196 urbia
884 2132 1018 2196 hostium
1040 2131 1206 2215 potiundae.

139 2211 233 2281 ''lirm
249 2220 289 2282 ab
305 2215 449 2282 Sidicinis
474 2218 590 2282 deditio
610 2218 693 2301 prius
708 2219 749 2281 ed
762 2217 921 2282 Romanoa
941 2228 1045 2300 coepta
1057 2217 1121 2281 fieri
1136 2232 1203 2283 est:

153 2297 235 2383 dein',
249 2317 413 2389 postquam
425 2303 530 2367 Patres
545 2317 692 2379 utseram
704 2325 772 2366 eam
785 2304 953 2386 ultimaque
961 2306 1085 2368 tandem
1097 2326 1205 2370 neces·

152 2391 244 2453 sitate
259 2411 432 2475 expressam
448 2391 722 2474 adspernabantur,
736 2391 777 2452 ad
797 2387 926 2454 latinos
936 2388 1004 2472 jam
1025 2412 1081 2454 sua
1096 2404 1206 2474 sponte

152 2476 184 2538 in
200 2498 285 2540 arma
299 2491 400 2542 motos
415 2477 498 2542 facta
511 2488 567 2540 cst.
587 2498 626 2539 ne
646 2475 797 2560 Campani
822 2477 945 2558 quidem
975 2476 1066 2556 (adeo
1086 2477 1202 2560 injuria

151 2560 348 2643 Samnitium,
363 2585 455 2647 qnam
470 2561 609 2627 beneficii
623 2561 844 2642 Romanonrm,
866 2564 1014 2627 memoria
1025 2566 1202 2647 presentior

150 2651 228 2731 erat)
247 2650 294 2713 his
308 2672 341 2713 se
356 2652 447 2713 armis
458 2650 641 2715 abstinuere.
684 2648 733 2713 Ex
747 2651 795 2713 his
810 2660 859 2713 tot
871 2650 991 2733 populis
1005 2670 1083 2715 unus
1094 2650 1202 2733 ingens

150 2738 313 2817 exercitus,
328 2736 405 2801 duce
419 2736 532 2801 latino
545 2736 620 2799 fines
635 2732 821 2800 Samnitium
836 2737 998 2818 ingressus,
1019 2736 1086 2819 plus
1100 2759 1200 2822 popu-
1212 2754 1352 2807 mmm-
1374 2772 1377 2777 -

151 2824 325 2901 lotionibus,
339 2844 431 2906 quam
446 2823 572 2906 proeliis,
595 2823 728 2887 cladium
750 2821 835 2886 fecit.
850 2837 893 2901 et,
908 2843 1093 2904 quamquam
1108 2845 1199 2907 supe-
1210 2832 1263 2899 Ψ·
1273 2823 1366 2872 semt-

150 2910 244 2975 riores
252 2910 468 2974 certaminibus
479 2906 583 2972 Latini
603 2919 700 2988 erant,
721 2908 804 2971 haud
819 2908 915 2987 inviti,
929 2931 969 2972 ne
983 2910 1091 2991 sapius
1107 2910 1198 2975 dimi·
1210 2898 1270 2939 ω
1279 2902 1354 2952 '¹¹⁰⁸'

151 2998 283 3059 candum
295 2996 383 3076 soret,
395 3018 469 3079 agro
484 2995 616 3059 hostium
631 3016 796 3059 excessere.
818 2992 855 3058 ld
865 2996 999 3076 spatium
1012 2994 1199 3061 Sanmitibus

151 3082 258 3147 datum
271 3094 319 3145 est
334 3082 466 3145 Romam
481 3082 598 3163 legatos
614 3081 767 3144 mittendi.
778 3080 933 3162 quiquam
944 3080 1099 3145 adissentd
1109 3104 1199 3146 sena·

151 3180 227 3248 tum,
251 3168 411 3250 conquesti
435 3168 544 3231 eadem
563 3188 595 3227 se
610 3165 773 3229 soederatos
795 3165 873 3247 pati,
893 3186 959 3248 qum
978 3167 1084 3229 hostes
1097 3182 1200 3233 meent

151 3255 244 3337 passi,
259 3255 398 3339 precibus
411 3252 524 3317 intimis
535 3253 661 3336 petiere,
674 3254 733 3314 ‘ut
746 3252 821 3313 satis
833 3252 981 3314 ducerent
991 3250 1123 3317 Romani
1134 3255 1199 3317 vic-

150 3341 162 3374 ‘
175 3342 296 3419 toriam,
311 3360 403 3422 quam
415 3338 600 3403 Samnitibus
611 3360 651 3402 ex
661 3336 821 3421 Campano
832 3335 1030 3421 Sidicinoque
1041 3339 1130 3403 hoste
1138 3341 1198 3404 eri·
1210 3347 1239 3400 la
1249 3364 1350 3415 quarm

150 3426 331 3511 ‹puissents'
352 3447 391 3489 ne
407 3426 487 3489 vinci
504 3426 597 3491 etiam
611 3446 644 3487 se
659 3425 698 3487 ab
709 3424 910 3507 ignavissimis
923 3425 1044 3512 populis
1053 3425 1199 3495 sinerent,
1209 3416 1351 3545 23:21.

25 3540 26 3543 ¹
151 3514 161 3549 ‘
176 3510 303 3577 Latinos
318 3511 561 3595 Campanosque,
575 3512 600 3575 si
616 3512 671 3575 sub
687 3510 804 3573 ditione
818 3507 924 3595 populi
938 3510 1071 3577 Romani
1085 3530 1198 3597 assent,
1209 3546 1335 3600 m

151 3600 232 3684 ‘pro
257 3598 384 3683 imperio
408 3609 548 3661 arcerent
565 3596 696 3661 Samniti
720 3618 816 3679 agro;
838 3598 886 3659 sin
905 3597 1068 3682 imperinm
1081 3602 1198 3666 abnue·

151 3688 255 3765 ‘rent,
282 3686 372 3748 aruris
394 3683 589 3749 coercerent?
611 3684 784 3747 'Adversus
808 3686 873 3747 hac
893 3686 1069 3768 responsum
1084 3708 1197 3772 anceps

152 3774 268 3849 datum,
283 3774 355 3854 quia
368 3771 455 3834 fateri
471 3772 607 3855 pigebat,
627 3772 659 3833 in
679 3782 833 3854 potestate
847 3792 903 3836 sua
916 3770 1042 3835 latinos
1052 3772 1119 3854 jam
1133 3794 1196 3838 non
1208 3795 1355 3862 nm

151 3882 227 3940 esse,
243 3860 462 3941 timebantque,
486 3860 549 3920 ‘ne
573 3858 726 3941 arguendo
745 3858 971 3921 abalienarent:
995 3860 1006 3891 ‘
1021 3858 1196 3942 Campano-
1209 3860 1366 3916 Rom

26 3972 30 4005 ι
151 3946 241 4013 ‘rum
257 3946 348 4009 aliam
364 3944 573 4017 conditionem
587 3965 663 4024 csse,
683 3944 734 4025 qui
755 3965 817 4007 non
832 3942 956 4025 foedere,
971 3944 1025 4009 sed
1041 3967 1095 4029 per
1110 3947 1196 4012 dedi.
1208 3942 1300 3994 '¹¹⁶4'-

214 4102 408 4155 seaumm.
530 4064 809 4151 ‘edtithrdeten
928 4101 1133 4154 amanam.

26 4176 29 4205 Ι

26 4240 31 4271 ι
150 4222 225 4273 novio.
256 4222 316 4273 Eam
336 4232 433 4283 quotuor
451 4233 542 4283 qnoque
564 4234 578 4269 e
600 4234 653 4267 oos-
686 4218 738 4277 bro,
756 4230 780 4265 er
790 4218 815 4266 io
827 4216 900 4269 MSS.
914 4217 1025 4279 Hesrnii,
1040 4231 1065 4269 et
1081 4220 1106 4271 ln
1120 4222 1197 4275 omni,-

27 4304 31 4337 ι
151 4286 190 4333 tris
207 4296 307 4337 amant.
340 4286 410 4335 Unde
430 4284 594 4336 admittendam
613 4285 655 4333 du·
686 4283 833 4333 buraoatrir.

28 4372 29 4389 r
150 4352 231 4399 simu,
717 4346 730 4381 ⁶
757 4344 819 4395 'Ne
838 4365 866 4395 or
881 4348 950 4397 ees&
969 4348 1127 4415 wama]
1155 4350 1197 4402 Ns

182 4416 192 4447 ⁵
213 4412 260 4465 Nec
276 4418 302 4465 ἐκ
319 4414 412 4479 debu]
433 4414 586 4479 Rspomimm
603 4428 655 4478 prr-
687 4410 803 4473 mendo
822 4408 864 4461 Ln
938 4414 1004 4462 eruti
1022 4413 1134 4477 obsequii⁸
1155 4433 1199 4467 roe

150 4479 242 4529 rieden
258 4480 291 4538 ia,
312 4494 364 4544 qua
385 4482 449 4530 ebert
469 4494 483 4529 a
505 4478 657 4528 Gronovimir
687 4474 750 4527 abre
762 4478 1026 4541 prorrmsbsiicwrut,
1042 4488 1067 4529 st
1084 4479 1113 4529 sd
1130 4494 1200 4547 sper·

27 4550 29 4565 ¹
151 4542 298 4607 editionibus,
325 4544 365 4597 ssd
386 4532 499 4610 reperitur
525 4542 548 4595 'm
572 4542 655 4594 vermi·
688 4542 894 4595 mortuom
902 4542 1032 4597 iubant.

192 4624 300 4679 vorm.
706 4622 764 4692 og
