3175 5200
522 385 599 446 mu
613 384 638 447 1.
657 383 861 446 crnxmv.
1171 391 1207 461 er

164 541 271 606 sariam
285 539 365 604 enim
385 541 459 606 urbe
472 542 569 606 diviso
591 542 764 625 regionibus
786 541 982 624 collibusque,
1005 561 1072 623 qure
1085 539 1208 604 habita-

164 629 274 693 buntur
299 640 412 714 partes,
436 628 547 694 Tribus
577 651 629 694 ees
655 629 839 713 adpellant,
866 639 900 691 ut
922 650 981 711 ego
1005 627 1149 706 arbitror,
1171 628 1211 688 ab

164 716 298 792 tributor
323 737 394 778 nam
410 716 475 800 ejus
489 737 609 800 quoque
630 716 785 798 equaliter
799 737 838 778 ex
860 735 953 778 censu
975 714 1149 778 conserendi
1171 714 1212 776 ab

164 801 272 864 eodem
287 803 365 866 inite
377 805 457 868 ratio
471 815 528 867 est.
581 802 689 884 Neque
705 803 752 864 bea
766 803 862 865 tribus
878 802 918 863 ad
931 802 1133 866 centuriarum
1148 799 1210 862 dis·

165 888 363 952 tributionem
377 911 595 974 numerumque
610 889 776 972 quidquam
790 889 974 973 pertinuere.

206 973 319 1039 XLIV.
342 974 442 1040 Censu
463 977 610 1061 perlecto,
636 997 727 1058 quem
747 986 954 1052 maturaverat
976 985 1060 1037 metu
1074 971 1151 1054 legis
1173 973 1212 1035 de
1228 985 1377 1044 winetm-

164 1063 191 1100 ³⁸
204 1061 333 1124 incensis
347 1063 417 1128 lette
441 1085 512 1127 cum
525 1063 713 1128 vinculorum
735 1063 827 1125 minis
850 1061 1029 1142 mortisque,
1055 1059 1163 1137 edixit,
1177 1071 1213 1122 ut
1227 1071 1290 1137 tran
1296 1074 1351 1109 m.

164 1169 268 1212 omnes
292 1150 371 1230 eires
403 1150 547 1228 Romani,
578 1151 694 1231 equites
720 1148 908 1232 peditesque,
937 1149 968 1210 in
998 1147 1060 1210 suis
1089 1146 1214 1227 quisque
1228 1127 1270 1176 ⁶¹¹·

164 1236 318 1314 centuriis,
355 1239 382 1276 ³²
392 1237 423 1298 in
456 1257 565 1319 cumpo
589 1235 705 1298 Martio
735 1236 836 1318 prima
863 1235 931 1298 luce
962 1235 1113 1296 adessent.
1169 1231 1214 1293 lbi

162 1321 345 1384 instructum
377 1323 545 1386 exercitum
588 1341 709 1385 ornnem
744 1319 1030 1384 ³⁵suosetaurilibru
1064 1318 1215 1382 lustravit.

164 1405 256 1487 idque
281 1408 439 1471 conditum
463 1409 590 1471 lustrum
611 1407 810 1490 adpellatum,
834 1408 907 1488 quia
925 1407 951 1468 it
971 1406 1123 1470 censendo
1145 1404 1214 1466 finis

164 1492 263 1556 fuctrrs
278 1505 336 1556 cst.
380 1493 482 1558 Millia
507 1493 666 1576 octoginta
689 1515 726 1556 eo
745 1493 840 1556 lustro
863 1494 973 1556 civium
994 1512 1085 1555 censa
1105 1490 1213 1553 dicun·

165 1591 226 1641 tur.
279 1579 397 1663 Adjicit
433 1582 651 1664 ”scriptorum
695 1580 921 1661 antiquissimus
962 1577 1073 1642 Fabius
1098 1577 1212 1655 Pictor,
1227 1603 1349 1658 Numera

164 1685 280 1744 eorum,
307 1667 358 1747 qui
379 1667 457 1730 ferre
478 1683 564 1730 arms
585 1678 719 1750 possent,
745 1687 815 1728 eum
836 1687 996 1728 numemm
1018 1666 1119 1728 fuisse.
1161 1663 1213 1726 Ad
1225 1666 1319 1723 siden.

165 1773 233 1814 earn
247 1752 472 1816 multitudinem
495 1754 566 1816 urbs
591 1773 710 1835 quoque
733 1751 949 1838 amplificanda
967 1752 1033 1814 vise
1045 1763 1102 1814 est.
1146 1750 1213 1813 Ad·

148 1838 211 1900 ⁴dit
237 1839 311 1902 duos
334 1840 438 1918 colles,
460 1839 648 1911 Quirinalem
663 1837 917 1922 Viminalemque.
942 1839 1012 1902 inde
1033 1842 1060 1886 ⁸⁷
1069 1838 1214 1921 deinceps
1228 1854 1291 1903 urs·
1301 1869 1350 1903 m·

165 1925 292 2006 ³⁸auget
312 1924 484 2008 Esquilias:
509 1927 611 2008 ibique
634 1927 709 2008 ipse,
727 1937 763 1990 ut
787 1927 857 1988 loeo
879 1927 1014 2008 dignitus
1036 1925 1133 2003 lieret,
1155 1925 1212 1986 bs·
1226 1920 1331 1985 pluens.

165 2010 255 2074 bitat.
306 2011 428 2094 Aggere
465 2026 496 2076 et
522 2013 610 2076 fossis
639 2026 670 2076 et
700 2033 788 2075 muro
820 2012 991 2076 circumdat
1020 2012 1137 2074 urbem.
1169 2012 1215 2074 ita

165 2099 346 2180 pomoerium
370 2099 496 2184 profert.
551 2099 747 2179 Pomoerium
777 2100 860 2162 verbi
885 2100 948 2162 vim
972 2098 1070 2162 solam
1092 2097 1215 2160 intuen-

166 2308 230 2366 istit.
248 2309 435 2362 1.v.e.1s.5⁰'.
454 2311 574 2375 Beuum,
590 2309 609 2358 si
626 2309 677 2375 quis
709 2311 805 2362 sortsme
817 2313 877 2362 idem
889 2319 925 2362 est
943 2323 996 2362 cum
1015 2311 1055 2360 bls
1063 2311 1215 2389 mopemsrils'·

169 2386 277 2488 libb
291 2379 678 2506 tttttttttt..ftttt'.t
709 2379 981 2503 litail'di'idii‘.
995 2377 1216 2508 uitulus

168 2505 237 2552 turbe
255 2520 283 2553 ex
300 2521 380 2563 censu,
404 2506 476 2554 tribus
497 2523 526 2554 es
547 2507 678 2566 regionibus
710 2509 816 2557 Festum.

169 2569 290 2635 descriptas
308 2583 403 2632 ersent3
424 2571 608 2635 respondebimus
624 2574 676 2621 nul·
739 2571 762 2607 ³⁶
779 2573 914 2635 Scriptorum
941 2573 1105 2638 miqui-sam
1133 2569 1217 2621 Fabius

169 2635 271 2685 liusuon
288 2637 376 2685 ordinis
394 2652 419 2685 sc
436 2653 518 2687 census
528 2638 636 2687 homines
651 2639 675 2687 in
709 2636 797 2701 Pictor]
831 2640 920 2689 Bonum
943 2640 983 2703 qui
1008 2637 1127 2687 waiam
1154 2640 1216 2701 spud

168 2715 304 2764 unaquaque
321 2703 382 2751 tribu
407 2702 487 2763 fuisse,
512 2719 584 2767 quum
603 2705 676 2753 tribus
708 2702 825 2755 Romsnos
866 2706 988 2770 scripsere,
1025 2704 1212 2767 emiquisu'mss.

168 2780 214 2814 non
231 2766 354 2829 generibus
370 2766 501 2825 bominum,
516 2768 556 2815 sed
573 2767 673 2829 regioni·
707 2769 746 2831 qui
773 2781 852 2818 tumen
878 2786 961 2820 reeens
985 2769 1108 2818 admolum
1135 2781 1216 2819 suctos

168 2830 209 2880 bus
226 2830 347 2895 descriptus
364 2843 450 2883 essent.
484 2833 559 2894 Igitur
575 2834 673 2897 quicun-
704 2834 828 2895 videbitur,
844 2834 864 2883 si
882 2847 1027 2899 comparetur
1045 2836 1073 2882 sd
1090 2834 1215 2898 primordls

170 2911 213 2958 qoe
238 2897 262 2945 in
282 2896 384 2947 Pslstins
407 2898 479 2957 tribu,
495 2915 550 2961 ut.
578 2914 674 2949 oemrnn
704 2900 867 2949 uranum
898 2900 964 2951 Vixit
980 2901 1044 2949 euim
1059 2900 1214 2949 ”eundil’u-

169 2962 334 3025 pdmterlsssis
352 2964 473 3021 baberent.
490 2964 507 3011 ii
522 2965 546 3013 is
562 2966 618 3013 duas
633 2977 673 3015 sut
705 2965 751 3013 nici
767 2966 823 3015 belli
840 2967 990 3030 temporibus,
1011 2978 1039 3015 ut
1056 2978 1155 3015 teststur
1173 2964 1215 3013 u-

168 3026 243 3091 plures
264 3029 379 3078 centurias
404 3028 615 3079 distribuebantur:
640 3032 673 3080 si·
704 3029 754 3078 vius
776 3031 847 3090 infre,
864 3044 934 3081 xxsr.
954 3034 977 3081 7.
1016 3032 1066 3081 Scri
1093 3030 1135 3079 isss
1159 3046 1215 3081 eum

169 3090 255 3141 militer
279 3092 295 3141 ii
319 3094 358 3157 qui
384 3092 500 3151 secundus,
531 3096 606 3144 terties
629 3100 673 3147 dre.
705 3094 791 3147 Grsrce
809 3096 1063 3161 trsditDionysl.r..
1107 3096 1156 3157 ine,
1172 3097 1216 3145 do·

169 3156 274 3205 classium
291 3172 386 3207 censum
410 3158 534 3209 bsberent.
573 3160 607 3209 At
623 3177 674 3211 rem
705 3172 743 3211 eet
754 3162 985 3216 creatuturam.
993 3163 1095 3211 sueta
1112 3161 1143 3207 de
1159 3161 1216 3222 leg.

171 3221 268 3270 ulterius
289 3224 405 3286 persequi,
431 3239 599 3286 numerumque
621 3242 675 3276 cen·
706 3227 731 3273 6.
751 3237 777 3273 nt
801 3227 905 3274 videstus
929 3236 1028 3287 utrsque
1055 3225 1133 3285 lingua
1151 3224 1214 3272 idem

170 3284 284 3334 turinum
301 3286 325 3334 in
344 3303 480 3349 unaquaque
501 3288 562 3335 tribu
581 3287 678 3337 inclusa·
708 3302 869 3347 srgumentum
905 3302 1023 3339 tractasse.
1069 3289 1132 3336 Eum
1164 3288 1216 3352 plus

170 3366 223 3399 rum
248 3362 349 3399 statuere
368 3350 435 3409 velle,
459 3366 550 3414 prorsus
576 3352 677 3400 divinare
709 3369 777 3415 usquo
795 3354 878 3401 savine
893 3353 1002 3402 Romanis
1018 3352 1043 3400 in
1060 3351 1165 3414 historis,
1189 3366 1215 3403 et

171 3428 214 3465 est.
249 3415 339 3464 l'uitet
355 3415 506 3464 slismutstio
524 3416 583 3465 circs
598 3417 678 3465 suii‘rs·
710 3416 826 3467 interdurn
850 3418 1012 3467 studiosiorem
1035 3416 1107 3466 suisss
1126 3418 1216 3482 petrice,

186 3480 260 3529 iorum
287 3481 401 3540 ordinem,
425 3482 465 3529 sed
489 3496 540 3545 quae
566 3481 625 3529 nibil
650 3483 679 3531 sd
712 3498 779 3545 qusm
805 3483 915 3547 veritatis,
943 3483 1017 3546 arguit
1045 3482 1126 3549 Polyb.
1143 3497 1163 3531 r.
1177 3486 1214 3533 ll.

172 3496 235 3594 buno
263 3544 339 3595 locum
366 3543 488 3611 pertinest.
534 3544 587 3596 lid.
604 3562 626 3597 c.
642 3548 680 3597 lu
711 3558 736 3596 et
757 3550 905 3600 nemeti.
944 3550 1066 3607 Ceterum,
1082 3548 1125 3597 etsi
1144 3560 1215 3597 nemo

170 3612 220 3660 bv,
274 3668 277 3673 ¹
711 3620 766 3662 snte
782 3628 838 3662 eum
854 3614 971 3664 Romanus
987 3617 1073 3675 justam
1095 3614 1214 3662 historism

203 3674 225 3710 ³³
242 3674 349 3741 Inebuis]
367 3674 399 3726 lis
418 3677 457 3741 qui
474 3676 536 3727 censi
552 3692 600 3727 non
621 3677 679 3727 luis·
712 3678 852 3738 condiderst,
877 3693 956 3729 tsmen
983 3680 1053 3737 Fasti,
1088 3679 1215 3727 Commen-

172 3754 234 3793 sent.
710 3746 771 3801 sarii,
796 3745 929 3794 Annsless
952 3745 1096 3810 pontificibus
1119 3758 1215 3806 compo·

204 3804 227 3841 ³4
244 3804 356 3869 Incmupo
367 3804 462 3873 Manu]
481 3810 508 3857 ln
528 3822 582 3871 sgro
597 3810 677 3858 urbem
711 3810 835 3873 rebantur,
870 3811 899 3859 ds
925 3809 1008 3873 quibus
1031 3810 1079 3857 sid.
1101 3820 1215 3862 courum,

174 3874 236 3921 inter
254 3884 278 3919 et
297 3870 401 3921 Tiberim
421 3875 480 3923 rito:
509 3890 577 3937 quern
595 3886 678 3939 poetes
710 3873 1130 3938 rv.3.eterquaeibimootrbimus.

174 3938 677 4069 ‘submittit't‘lt‘'¹t..{¹²t;‘
709 3936 1214 4070 attribuendum

386 4038 395 4064 ‚
435 4037 442 4052 ,
471 4039 477 4054 ,
544 4038 551 4051 ,
668 4032 677 4043 .
1206 4028 1216 4042 .

173 4070 302 4118 notabimus
313 4069 341 4116 ad
351 4069 412 4117 hunc
422 4067 507 4120 locum.
709 4072 769 4119 imus
780 4084 825 4121 est.

212 4132 234 4169 ³⁵
258 4132 455 4199 Suooetourils'bus]
507 4134 678 4185 circumductis
740 4136 764 4170 ³⁸
779 4137 854 4202 Auget
875 4133 996 4200 Esquilias]
1023 4132 1118 4183 Additis
1144 4132 1215 4182 add-

174 4208 211 4247 ter
233 4198 318 4249 circum
343 4198 470 4248 exercitum
497 4215 573 4259 verre,
598 4202 677 4259 ariete,
708 4199 750 4250 ciis
770 4216 795 4251 et
813 4202 902 4251 ineolis.
943 4199 1047 4263 usqam:
1072 4212 1149 4249 sutem
1167 4200 1215 4247 lor-

175 4275 258 4326 tsuro;
279 4265 362 4313 deinde
379 4264 451 4313 Marti
468 4264 598 4319 immolatis.
631 4266 678 4315 Pro
709 4277 768 4315 tasse
785 4266 959 4331 sppsllstionem
976 4276 1108 4330 streperent
1126 4264 1157 4313 sb
1171 4264 1214 4313 Es·

175 4345 241 4378 serre
261 4328 387 4395 Dionysius
412 4330 482 4379 hebet
499 4332 598 4381 birrum.
631 4329 677 4380 Sed
710 4328 774 4389 erilis,
785 4331 899 4394 quomodo
908 4330 1097 4389 mousl'sssissolis,
1105 4330 1214 4393 idemque

175 4406 229 4441 sum
245 4394 351 4443 refellere
369 4396 460 4444 videtur
474 4396 524 4461 ipss
543 4399 677 4446 suovetsmt-
711 4395 858 4461 raguenus
868 4396 1100 4462 sinisibnsetsogis,·
1110 4396 1214 4457 itemque

174 4461 230 4508 lium
246 4458 373 4522 sppellsrio.
413 4461 485 4525 Suprs
503 4464 574 4512 nid.
590 4462 679 4511 mentio
710 4476 776 4511 mons
788 4460 988 4529 Querquetulana,
1006 4461 1045 4529 qui
1064 4472 1143 4527 postes
1160 4458 1213 4509 te·

172 4528 221 4587 jam
235 4524 294 4576 rsus
309 4538 344 4577 sss
362 4524 462 4577 lustralis
481 4527 592 4591 sacrificii,
617 4527 677 4590 quod
709 4526 906 4593 liuqsqsnsetis.
