3175 5200
362 368 420 427 aon
782 356 867 452 ml
885 354 988 415 leli

180 534 230 586 Ὃ.
240 532 269 584 c.
280 536 336 585 aas.
348 518 375 596 4‘
390 518 471 581 culto
493 516 572 579 male
586 514 662 597 geri,
688 522 722 573 nt
747 511 860 573 diutius
876 520 994 592 gerant.
1009 510 1043 571 in
1057 516 1189 590 quantor
1201 509 1318 571 deinde
1330 508 1415 573 bella

97 658 100 664 Α
196 600 228 653 Α·
238 600 269 651 ⁰·
279 599 336 653 398.
364 604 375 638 ‘
391 625 452 667 uno
461 603 581 667 delectu
594 600 743 663 exercitus
754 600 893 681 scriptos,
907 608 940 659 et
949 617 1061 679 pueros
1071 616 1194 678 quoque
1207 616 1246 658 ac
1257 616 1347 659 senes
1355 617 1412 659 ex-

365 692 375 724 ‘
390 702 516 753 nactos.
544 686 616 749 «lam
631 706 693 748 non
708 686 887 749 metationec
902 683 1011 745 hiemis
1025 683 1191 745 discrimen
1200 704 1277 760 errae²
1293 704 1334 745 uc
1346 682 1411 745 nlla

364 777 375 809 ‘
390 776 473 859 quies
488 792 633 855 umquam
648 774 763 835 miserae
778 770 859 853 plebi
871 769 933 832 sitr
960 777 1027 850 qum
1039 790 1122 831 nunc
1140 771 1237 834 etiarn
1250 770 1411 851 vectigalis

275 905 276 916 r
364 863 374 895 ‘
390 863 430 924 ad
443 861 583 923 ultimum
594 858 677 921 facta
691 860 731 921 sit
739 880 749 935 3
776 868 821 935 ut,
835 877 927 938 quum
942 855 1086 917 conlecta
1093 856 1209 934 labore,
1223 855 1410 933 vulneribus,

363 949 373 981 ‘
387 959 541 1029 postremo
553 958 643 1009 aetate
658 964 788 1026 corpore
798 944 965 1021 retulerint,
974 942 1153 1023 incultaque
1168 943 1274 1004 omnia
1287 941 1409 1003 diutino

363 1033 581 1095 ‘dominorum
608 1032 757 1094 desiderio
783 1030 865 1096 domi
882 1030 1061 1107 invenerint,
1076 1029 1273 1091 tributumex
1283 1029 1409 1091 adfecta

362 1118 373 1153 ‘
386 1140 418 1181 rc
433 1119 573 1181 familiari
586 1119 720 1201 pendant
732 1140 741 1196 3
754 1136 871 1197 ceraque
881 1115 1035 1192 militaria,
1046 1115 1132 1179 velut
1141 1115 1258 1176 foenore
1267 1127 1403 1199 accepta,

361 1206 568 1286 ‘multiplicia
585 1205 757 1291 reipublicae
772 1200 923 1265 reddant!
956 1200 1040 1263 inter
1061 1201 1219 1262 delectum
1241 1200 1401 1262 tributum-

362 1312 431 1372 que,
442 1301 475 1352 et
488 1304 654 1373 occupatos
669 1291 787 1353 animos
802 1286 952 1369 majorum
966 1308 1066 1349 rerum
1092 1287 1183 1364 curis,
1202 1287 1331 1348 comitiis
1344 1288 1402 1348 tri·

362 1378 510 1439 banorum
525 1378 621 1460 plebis
637 1398 776 1439 numerus
792 1374 906 1455 expleri
920 1373 1068 1454 nequiit⁶.
1091 1370 1265 1453 Pugnatum
1275 1372 1355 1451 inde,
1369 1374 1404 1433 in

362 1463 430 1525 loca
441 1484 538 1525 vmua
550 1476 585 1526 ut
598 1463 718 1546 patricii
743 1471 968 1543 cooptarentur.
992 1470 1158 1541 postquam
1182 1460 1315 1521 obtineri
1340 1477 1404 1520 non
1439 1468 1444 1473 ’

361 1560 493 1631 poterat,
524 1561 628 1611 tamen
661 1547 880 1610 labefactandae
890 1549 918 1585 ³⁸
930 1545 1005 1627 legis
1038 1543 1200 1607 Treboniae
1225 1564 1336 1606 caussa
1358 1545 1406 1606 ef-

361 1633 475 1696 fectum
492 1646 562 1711 eat,
603 1646 638 1705 ut
668 1644 883 1716 cooptarentur
909 1632 1133 1715 tribuniplebis
1148 1630 1184 1692 C.
1199 1630 1347 1693 Lacerius
1372 1642 1407 1693 et

362 1716 409 1781 M.
423 1721 561 1799 Acutius,
577 1720 659 1783 haud
675 1720 765 1781 dubie
779 1720 976 1801 patriciorum
997 1718 1111 1801 opibus.

403 1804 460 1869 XI.
482 1806 556 1869 Fors
579 1805 719 1885 intulit,
743 1817 779 1867 ut
800 1826 838 1867 eo
863 1826 943 1866 anno
955 1805 1095 1866 'tribunus
1108 1802 1204 1884 plebis
1218 1798 1299 1863 Cn.d
1320 1800 1402 1863 'lle-

247 1886 250 1905 '
361 1892 468 1953 bonius
491 1904 581 1970 essct,
605 1894 657 1975 qui
677 1893 794 1957 nomini
816 1912 852 1953 ac
870 1891 992 1953 familiae
1009 1890 1140 1952 debitum
1155 1899 1297 1971 prostare
1310 1888 1399 1948 vide-

362 1989 444 2040 retur
457 1977 615 2043 Treboniae
631 1980 706 2061 legis
721 1979 934 2062 patrocinium.
953 1978 990 2055 is,
1011 1976 1112 2058 ‘quod
1125 1975 1276 2058 petissent
1290 1970 1397 2035 Patres

345 2064 372 2148 ,⁶
386 2065 521 2145 quidam,
537 2066 636 2147 primo
651 2066 773 2148 incepto
789 2064 911 2147 repulsi,
927 2075 1030 2126 tamen
1047 2063 1182 2124 tribunos
1194 2061 1328 2122 militum
1341 2079 1400 2121 cx·

361 2150 554 2232 ‘pugnasse,'
566 2151 744 2230 vociferans,
764 2152 884 2233 ‘legem
894 2149 1078 2212 Treboniam
1090 2149 1252 2224 sublatam,
1263 2158 1400 2229 etcoop-

362 2236 373 2267 ‘
389 2248 470 2300 tatus
481 2239 618 2300 tribunos
633 2239 728 2321 plebis
744 2258 806 2301 non
816 2236 965 2318 suffragiis
974 2235 1088 2319 populi,
1100 2234 1154 2295 sed
1164 2233 1294 2315 imperio
1306 2233 1406 2315 patri-

361 2322 523 2402 ‘ciorum
541 2337 572 2386 et
581 2346 619 2386 eo
633 2326 764 2387 revolvi⁰
790 2346 866 2401 rem,
880 2336 915 2384 ut
926 2334 980 2384 aut
989 2321 1120 2405 patricii,
1136 2331 1191 2382 aut
1204 2320 1405 2401 patriciorum

365 2407 516 2471 ‘adseclae
535 2411 667 2473 habendi
689 2412 804 2473 tribuni
832 2410 928 2492 plebis
952 2410 1032 2469 sint:
1055 2407 1131 2489 eripi
1153 2421 1291 2468 sacratus
1310 2406 1405 2487 leges,
1434 2462 1442 2483 ,

364 2492 562 2574 ‘extorqueri
584 2496 774 2559 tribuniciam
790 2507 994 2579 potestatem:
1018 2494 1051 2554 id
1073 2493 1179 2554 fraude
1192 2493 1403 2575 patriciorum,

365 2577 501 2642 ‘scelere
516 2602 552 2642 ac
568 2582 739 2663 proditione
754 2584 939 2664 collegarum
969 2578 1096 2644 factum'
1112 2599 1248 2662 arguere.
1264 2579 1403 2649 “Quum

365 2665 505 2726 arderent
520 2666 642 2742 invidia,
665 2667 846 2730 non-Patres
861 2670 965 2746 modo,
991 2668 1045 2729 sed
1059 2666 1278 2735 etiam'tribuni
1292 2666 1400 2747 plebis,

228 2739 251 2770 ¹¹
365 2751 500 2830 cooptati
523 2751 646 2830 pariter,
662 2753 758 2832 etqui
774 2765 1012 2834 cooptaverant3
1039 2764 1106 2815 tum
1132 2773 1170 2813 ex
1183 2752 1310 2832 collegio
1325 2762 1398 2826 tres,

365 2834 399 2898 P.
411 2833 588 2912 Curiatius‘,
612 2835 659 2897 M.
674 2835 824 2916 Metilius,
853 2852 887 2899 ct
910 2837 1143 2915 M.‘Minucius,
1162 2837 1271 2920 trepidi
1297 2857 1397 2897 rerum

364 2941 495 2999 suarum,
521 2923 552 2982 in
572 2919 711 3004 Sergium
725 2921 967 3005 Virginiumque,
981 2926 1089 3006 prioris
1105 2924 1174 2984 arani
1188 2924 1322 2984 tribunos
1335 2923 1399 2983 mi-

363 3009 475 3086 litares,
491 3009 666 3073 incurrunt:
697 3011 796 3072 ineos
812 3011 851 3072 ab
872 3031 905 3071 se
915 3011 992 3072 iram
1006 3010 1102 3093 plebis
1115 3009 1328 3090 invidiamque,
1349 3009 1401 3071 die

337 3113 341 3122 ·
362 3096 458 3244 pipilant,
485 3096 671 3244 aretqupff
686 3095 1093 3245 Quibuptgelectlpesfiquipns
1116 3095 1275 3243 tributuml,
1291 3095 1401 3243 quibrps

451 3203 481 3243 rn
552 3203 561 3242 ι
1258 3230 1261 3234 A
1314 3204 1332 3242 e
1384 3216 1401 3227 .

323 3303 325 3308 ·
360 3268 371 3300 ‘
385 3203 477 3350 cellita
483 3203 629 3330 aadieli‘rlb
641 3203 969 3351 dblglalrlllbquiblllissis
978 3202 1261 3346 libbrillaflbl'rilbllse,
1272 3203 1398 3351 propin-

358 3354 369 3386 ‘
384 3355 461 3434 quis,
472 3355 632 3432 adfinibus,
645 3356 785 3438 lugubres
800 3357 908 3417 domos
918 3356 1070 3432 habeant3
1086 3355 1123 3415 iis
1138 3355 1251 3438 publici
1272 3355 1398 3437 privati-

359 3438 441 3519 ‘que
454 3439 566 3502 doloris
582 3443 764 3522 exsequendi
779 3441 831 3523 jus
850 3453 1096 3524 potestatemque
1110 3461 1150 3502 ex
1165 3441 1282 3504 duobus
1297 3442 1398 3502 noxiis

358 3522 368 3554 ‘
383 3525 532 3604 capitibus
547 3525 653 3587 datum
665 3527 703 3587 ab
719 3526 771 3606 se,'
784 3538 967 3590 memorant..
978 3527 988 3560 ‘
999 3527 1144 3588 Omnium
1158 3548 1291 3608 natuque
1302 3528 1396 3588 malo-

357 3606 368 3640 ‘
383 3629 448 3669 rum
458 3609 490 3669 in
506 3607 613 3692 Sergio
626 3608 824 3695 Virginioque
839 3634 960 3676 caussas
971 3614 1056 3674 ease':
1079 3633 1136 3674 nec
1148 3613 1181 3674 id
1190 3625 1395 3676 accusatorem

357 3695 480 3777 ‘magis
496 3715 631 3777 arguere,
652 3719 743 3780 quam
758 3700 845 3762 fateri
861 3721 946 3761 reos:
970 3701 1032 3780 qui,
1055 3700 1141 3760 noxii
1156 3701 1259 3777 ambo,
1273 3700 1350 3762 alter
1364 3699 1397 3760 in

356 3781 368 3813 ‘
383 3781 510 3844 alterurn
526 3802 663 3845 caussam
679 3786 846 3863 conferant,
861 3785 964 3867 fugam
980 3785 1078 3867 Sergii
1093 3782 1259 3867 Virginius,
1274 3784 1399 3868 Sergius

356 3867 584 3951 ‘proditionem
599 3871 757 3954 increpans
767 3869 906 3952 Virginii.
944 3872 1080 3943 Quorum
1095 3871 1173 3934 adeo
1188 3872 1400 3934 incredibilem

347 3953 367 4026 .‘
381 3956 545 4019 amentiam
557 3955 658 4036 fuisse,
669 3970 704 4020 ut
713 3957 811 4020 multo
819 3957 1009 4020 verisimilius
1019 3959 1070 4035 sit,
1081 3970 1245 4042 compacto
1255 3979 1323 4020 eam
1332 3979 1399 4020 rern

379 4081 497 4142 ‘nequierit
509 4079 581 4128 Gron.
593 4079 663 4130 Creu.
727 4077 854 4128 ΨΜ.
919 4074 1116 4130 ‘amictant
1136 4113 1140 4122 ·
1165 4079 1290 4131 ‘eurum
1299 4081 1370 4132 End(

392 4185 414 4220 ³³
430 4187 496 4252 Iagis
507 4191 626 4259 nemin]
643 4192 696 4240 Vid.
706 4191 724 4240 l.
735 4204 777 4240 nr.
791 4200 811 4237 c:
822 4191 861 4239 65.
893 4189 982 4238 incidie
991 4191 1126 4255 plerumque
1141 4195 1241 4244 sumitur
1258 4196 1353 4260 panico,
1370 4207 1401 4244 ut

363 4249 435 4326 Prpba
446 4251 739 4321 Pighiiemendctio,quurn
747 4255 863 4318 legeretur
892 4255 1019 4318 loquuntur
1033 4259 1192 4317 Grammatici,
1208 4277 1285 4318 mma.
1299 4276 1346 4308 mn
1357 4277 1402 4325 pro

361 4312 415 4412 ‘qil
423 4317 649 4436 le'ardcmr
664 4387 762 4451 invidia]
780 4384 861 4440 Quum
892 4321 945 4436 blito
956 4323 1142 4440 qp'odhffilmua,
1157 4327 1201 4378 “d
1210 4342 1253 4390 pm
1263 4342 1292 4376 ω
1302 4330 1365 4392 qued
1375 4327 1403 4376 in

360 4442 426 4494 iuviti
442 4456 467 4495 et
481 4445 578 4500 inme·
586 4454 645 4516 apud
654 4453 764 4519 papalum
774 4461 860 4504 tacut.
945 4401 960 4450 q
1075 4425 1083 4440 ¹
