<?xml version="1.0" encoding="UTF-8"?>
<!DOCTYPE html PUBLIC "-//W3C//DTD XHTML 1.0 Transitional//EN"
    "http://www.w3.org/TR/xhtml1/DTD/xhtml1-transitional.dtd">
<html xmlns="http://www.w3.org/1999/xhtml" xml:lang="en" lang="en">
 <head>
  <title>
</title>
<meta http-equiv="Content-Type" content="text/html;charset=utf-8" />
  <meta name='ocr-system' content='tesseract 3.04.00' />
  <meta name='ocr-capabilities' content='ocr_page ocr_carea ocr_par ocr_line ocrx_word'/>
</head>
<body>
  <div class='ocr_page' id='page_1' title='image "./tliviipatavinih03grongoog_0198.png"; bbox 0 0 3175 5200; ppageno 0'>
   <div class='ocr_carea' id='block_1_1' title="bbox 372 342 998 434">
    <p class='ocr_par' dir='ltr' id='par_1_1' title="bbox 372 342 998 434">
     <span class='ocr_line' id='line_1_1' title="bbox 372 342 998 434; baseline 0 -1"><span class='ocrx_word' id='word_1_1' title='bbox 372 372 431 434; x_wconf 82' lang='lat' dir='ltr'>too</span> <span class='ocrx_word' id='word_1_2' title='bbox 791 342 998 433; x_wconf 78' lang='lat' dir='ltr'>urrann</span> 
     </span>
    </p>
   </div>
   <div class='ocr_carea' id='block_1_2' title="bbox 203 496 1409 713">
    <p class='ocr_par' dir='ltr' id='par_1_2' title="bbox 203 496 1409 713">
     <span class='ocr_line' id='line_1_2' title="bbox 203 496 1409 638; baseline 0.006 -48"><span class='ocrx_word' id='word_1_3' title='bbox 203 510 350 638; x_wconf 49' lang='lat' dir='ltr'>iiiiii</span> <span class='ocrx_word' id='word_1_4' title='bbox 370 518 436 595; x_wconf 89' lang='lat' dir='ltr'>bos.</span> <span class='ocrx_word' id='word_1_5' title='bbox 480 518 541 593; x_wconf 87' lang='lat' dir='ltr'>Vix</span> <span class='ocrx_word' id='word_1_6' title='bbox 555 498 702 593; x_wconf 83' lang='lat' dir='ltr'>instantes</span> <span class='ocrx_word' id='word_1_7' title='bbox 723 526 938 617; x_wconf 65' lang='lat' dir='ltr'>sustinentibus</span> <span class='ocrx_word' id='word_1_8' title='bbox 961 498 1062 611; x_wconf 90' lang='lat' dir='ltr'>clades</span> <span class='ocrx_word' id='word_1_9' title='bbox 1081 504 1205 613; x_wconf 85' lang='lat' dir='ltr'>repente</span> <span class='ocrx_word' id='word_1_10' title='bbox 1218 496 1312 614; x_wconf 83' lang='lat' dir='ltr'>legati</span> <span class='ocrx_word' id='word_1_11' title='bbox 1328 526 1409 597; x_wconf 87' lang='lat' dir='ltr'>Her·</span> 
     </span>
     <span class='ocr_line' id='line_1_3' title="bbox 205 613 1408 713; baseline 0.007 -36"><span class='ocrx_word' id='word_1_12' title='bbox 205 622 310 713; x_wconf 42' lang='lat' dir='ltr'>Qui„</span> <span class='ocrx_word' id='word_1_13' title='bbox 337 622 343 638; x_wconf 90' lang='lat'>&#39;</span> <span class='ocrx_word' id='word_1_14' title='bbox 371 618 621 697; x_wconf 61' lang='lat' dir='ltr'>nici„nunciant‚-</span> <span class='ocrx_word' id='word_1_15' title='bbox 648 617 679 678; x_wconf 95' lang='lat' dir='ltr'>in</span> <span class='ocrx_word' id='word_1_16' title='bbox 710 636 782 699; x_wconf 83' lang='lat' dir='ltr'>agro</span> <span class='ocrx_word' id='word_1_17' title='bbox 813 636 868 677; x_wconf 93' lang='lat' dir='ltr'>suo</span> <span class='ocrx_word' id='word_1_18' title='bbox 893 613 1011 699; x_wconf 84' lang='lat' dir='ltr'>AEquos</span> <span class='ocrx_word' id='word_1_19' title='bbox 1026 613 1212 701; x_wconf 86' lang='lat' dir='ltr'><strong>Volscosque</strong></span> <span class='ocrx_word' id='word_1_20' title='bbox 1238 620 1408 704; x_wconf 87' lang='lat' dir='ltr'>conjunctis</span> 
     </span>
    </p>
   </div>
   <div class='ocr_carea' id='block_1_3' title="bbox 205 702 1418 3916">
    <p class='ocr_par' dir='ltr' id='par_1_3' title="bbox 205 702 1412 2615">
     <span class='ocr_line' id='line_1_4' title="bbox 205 702 1408 791; baseline 0.007 -28"><span class='ocrx_word' id='word_1_21' title='bbox 205 714 350 783; x_wconf 75' lang='lat' dir='ltr'>volscipre·</span> <span class='ocrx_word' id='word_1_22' title='bbox 371 706 465 791; x_wconf 90' lang='lat' dir='ltr'>copiis</span> <span class='ocrx_word' id='word_1_23' title='bbox 481 719 579 785; x_wconf 80' lang='lat' dir='ltr'>castra</span> <span class='ocrx_word' id='word_1_24' title='bbox 597 703 742 789; x_wconf 85' lang='lat' dir='ltr'>posuisse.</span> <span class='ocrx_word' id='word_1_25' title='bbox 768 702 839 764; x_wconf 92' lang='lat' dir='ltr'>inde</span> <span class='ocrx_word' id='word_1_26' title='bbox 863 704 998 765; x_wconf 83' lang='lat' dir='ltr'>exercitu</span> <span class='ocrx_word' id='word_1_27' title='bbox 1020 703 1156 786; x_wconf 84' lang='lat' dir='ltr'>ingenti¹¹</span> <span class='ocrx_word' id='word_1_28' title='bbox 1180 706 1255 768; x_wconf 87' lang='lat' dir='ltr'>fines</span> <span class='ocrx_word' id='word_1_29' title='bbox 1269 729 1338 771; x_wconf 87' lang='lat' dir='ltr'>suos</span> <span class='ocrx_word' id='word_1_30' title='bbox 1354 710 1408 771; x_wconf 87' lang='lat' dir='ltr'>de·</span> 
     </span>
     <span class='ocr_line' id='line_1_5' title="bbox 205 782 1408 880; baseline 0.002 -25"><span class='ocrx_word' id='word_1_31' title='bbox 205 782 294 834; x_wconf 75' lang='lat' dir='ltr'>tutu.</span> <span class='ocrx_word' id='word_1_32' title='bbox 370 793 519 880; x_wconf 89' lang='lat' dir='ltr'>populari.</span> <span class='ocrx_word' id='word_1_33' title='bbox 578 789 779 871; x_wconf 76' lang='lat' dir='ltr'>Praeterquam</span> <span class='ocrx_word' id='word_1_34' title='bbox 817 790 900 872; x_wconf 92' lang='lat' dir='ltr'>quod</span> <span class='ocrx_word' id='word_1_35' title='bbox 935 790 1105 873; x_wconf 85' lang='lat' dir='ltr'>infrequens</span> <span class='ocrx_word' id='word_1_36' title='bbox 1142 788 1263 857; x_wconf 83' lang='lat' dir='ltr'>senatus</span> <span class='ocrx_word' id='word_1_37' title='bbox 1296 796 1408 858; x_wconf 91' lang='lat' dir='ltr'>indicio</span> 
     </span>
     <span class='ocr_line' id='line_1_6' title="bbox 371 876 1406 960; baseline 0.003 -18"><span class='ocrx_word' id='word_1_38' title='bbox 371 891 437 943; x_wconf 87' lang='lat' dir='ltr'>erat</span> <span class='ocrx_word' id='word_1_39' title='bbox 464 879 564 958; x_wconf 89' lang='lat' dir='ltr'>sociis,</span> <span class='ocrx_word' id='word_1_40' title='bbox 594 876 749 939; x_wconf 80' lang='lat' dir='ltr'>adflictam</span> <span class='ocrx_word' id='word_1_41' title='bbox 780 878 933 939; x_wconf 86' lang='lat' dir='ltr'>civitatem</span> <span class='ocrx_word' id='word_1_42' title='bbox 961 878 1134 960; x_wconf 88' lang='lat' dir='ltr'>pestilentia</span> <span class='ocrx_word' id='word_1_43' title='bbox 1161 900 1237 960; x_wconf 88' lang='lat' dir='ltr'>esse,</span> <span class='ocrx_word' id='word_1_44' title='bbox 1263 894 1406 945; x_wconf 89' lang='lat' dir='ltr'>moestum</span> 
     </span>
     <span class='ocr_line' id='line_1_7' title="bbox 370 964 1406 1049; baseline 0.005 -22"><span class='ocrx_word' id='word_1_45' title='bbox 370 967 462 1029; x_wconf 88' lang='lat' dir='ltr'>etiam</span> <span class='ocrx_word' id='word_1_46' title='bbox 478 985 652 1047; x_wconf 91' lang='lat' dir='ltr'>responsum</span> <span class='ocrx_word' id='word_1_47' title='bbox 669 964 763 1026; x_wconf 89' lang='lat' dir='ltr'>tulere</span> <span class='ocrx_word' id='word_1_48' title='bbox 774 987 793 1025; x_wconf 75' lang='grc' dir='ltr'>ε·</span> <span class='ocrx_word' id='word_1_49' title='bbox 806 965 860 1025; x_wconf 91' lang='lat' dir='ltr'>‘ut</span> <span class='ocrx_word' id='word_1_50' title='bbox 877 986 931 1049; x_wconf 92' lang='lat' dir='ltr'>per</span> <span class='ocrx_word' id='word_1_51' title='bbox 945 986 977 1026; x_wconf 89' lang='lat' dir='ltr'>se</span> <span class='ocrx_word' id='word_1_52' title='bbox 989 966 1044 1049; x_wconf 90' lang='lat' dir='ltr'>ipsi</span> <span class='ocrx_word' id='word_1_53' title='bbox 1066 964 1191 1028; x_wconf 87' lang='lat' dir='ltr'>Hernici</span> <span class='ocrx_word' id='word_1_54' title='bbox 1207 988 1276 1031; x_wconf 91' lang='lat' dir='ltr'>curn</span> <span class='ocrx_word' id='word_1_55' title='bbox 1291 966 1406 1032; x_wconf 67' lang='lat' dir='ltr'>latinis</span> 
     </span>
     <span class='ocr_line' id='line_1_8' title="bbox 369 1049 1405 1123; baseline 0.004 -9"><span class='ocrx_word' id='word_1_56' title='bbox 369 1054 381 1087; x_wconf 87' lang='lat'>‘</span> <span class='ocrx_word' id='word_1_57' title='bbox 395 1074 442 1115; x_wconf 90' lang='lat' dir='ltr'>res</span> <span class='ocrx_word' id='word_1_58' title='bbox 451 1073 520 1114; x_wconf 87' lang='lat' dir='ltr'>suas</span> <span class='ocrx_word' id='word_1_59' title='bbox 529 1062 707 1115; x_wconf 88' lang='lat' dir='ltr'>tutarentur.</span> <span class='ocrx_word' id='word_1_60' title='bbox 731 1049 845 1123; x_wconf 81' lang='lat' dir='ltr'>Urbem</span> <span class='ocrx_word' id='word_1_61' title='bbox 857 1050 1028 1114; x_wconf 80' lang='lat' dir='ltr'>Romanam</span> <span class='ocrx_word' id='word_1_62' title='bbox 1043 1050 1253 1116; x_wconf 79' lang='lat' dir='ltr'>subitaDeitm</span> <span class='ocrx_word' id='word_1_63' title='bbox 1269 1056 1314 1117; x_wconf 90' lang='lat' dir='ltr'>ira</span> <span class='ocrx_word' id='word_1_64' title='bbox 1322 1078 1405 1119; x_wconf 91' lang='lat' dir='ltr'>mor-</span> 
     </span>
     <span class='ocr_line' id='line_1_9' title="bbox 368 1130 1403 1225; baseline 0.001 -22"><span class='ocrx_word' id='word_1_65' title='bbox 368 1130 386 1225; x_wconf 49' lang='lat' dir='ltr'>‘J</span> <span class='ocrx_word' id='word_1_66' title='bbox 394 1140 434 1203; x_wconf 94' lang='lat' dir='ltr'>bo</span> <span class='ocrx_word' id='word_1_67' title='bbox 443 1140 590 1223; x_wconf 85' lang='lat' dir='ltr'>populari.</span> <span class='ocrx_word' id='word_1_68' title='bbox 613 1136 644 1201; x_wconf 88' lang='lat' dir='ltr'>Si</span> <span class='ocrx_word' id='word_1_69' title='bbox 653 1136 1403 1221; x_wconf 83' lang='lat' dir='ltr'>quacjusmaliquiesveniat,utannoante,utsem-</span> 
     </span>
     <span class='ocr_line' id='line_1_10' title="bbox 368 1222 1402 1311; baseline 0.002 -22"><span class='ocrx_word' id='word_1_70' title='bbox 368 1226 380 1260; x_wconf 92' lang='lat'>‘</span> <span class='ocrx_word' id='word_1_71' title='bbox 393 1249 447 1311; x_wconf 91' lang='lat' dir='ltr'>per</span> <span class='ocrx_word' id='word_1_72' title='bbox 460 1228 544 1306; x_wconf 84' lang='lat' dir='ltr'>alias,</span> <span class='ocrx_word' id='word_1_73' title='bbox 554 1226 644 1289; x_wconf 91' lang='lat' dir='ltr'>sociis</span> <span class='ocrx_word' id='word_1_74' title='bbox 656 1246 744 1309; x_wconf 90' lang='lat' dir='ltr'>opem</span> <span class='ocrx_word' id='word_1_75' title='bbox 755 1222 889 1286; x_wconf 66' lang='lat' dir='ltr'>laturos!</span> <span class='ocrx_word' id='word_1_76' title='bbox 901 1222 1083 1309; x_wconf 77' lang='lat' dir='ltr'>¹Discessere</span> <span class='ocrx_word' id='word_1_77' title='bbox 1092 1228 1178 1304; x_wconf 90' lang='lat' dir='ltr'>socii,</span> <span class='ocrx_word' id='word_1_78' title='bbox 1183 1229 1319 1309; x_wconf 91' lang='lat' dir='ltr'>protristi</span> <span class='ocrx_word' id='word_1_79' title='bbox 1325 1250 1402 1292; x_wconf 93' lang='lat' dir='ltr'>nun-</span> 
     </span>
     <span class='ocr_line' id='line_1_11' title="bbox 368 1310 1412 1396; baseline 0 -19"><span class='ocrx_word' id='word_1_80' title='bbox 368 1314 416 1377; x_wconf 92' lang='lat' dir='ltr'>cio</span> <span class='ocrx_word' id='word_1_81' title='bbox 432 1314 594 1377; x_wconf 86' lang='lat' dir='ltr'>tristiorem</span> <span class='ocrx_word' id='word_1_82' title='bbox 612 1312 735 1375; x_wconf 90' lang='lat' dir='ltr'>domurn</span> <span class='ocrx_word' id='word_1_83' title='bbox 748 1310 931 1389; x_wconf 80' lang='lat' dir='ltr'>referentes3</span> <span class='ocrx_word' id='word_1_84' title='bbox 950 1312 1062 1395; x_wconf 86' lang='lat' dir='ltr'>quippe</span> <span class='ocrx_word' id='word_1_85' title='bbox 1077 1312 1183 1393; x_wconf 92' lang='lat' dir='ltr'>quibus</span> <span class='ocrx_word' id='word_1_86' title='bbox 1200 1336 1253 1396; x_wconf 90' lang='lat' dir='ltr'>per</span> <span class='ocrx_word' id='word_1_87' title='bbox 1268 1336 1300 1376; x_wconf 88' lang='lat' dir='ltr'>se</span> <span class='ocrx_word' id='word_1_88' title='bbox 1314 1312 1412 1377; x_wconf 45' lang='lat' dir='ltr'>susti*</span> 
     </span>
     <span class='ocr_line' id='line_1_12' title="bbox 368 1392 1404 1482; baseline 0 -18"><span class='ocrx_word' id='word_1_89' title='bbox 368 1400 500 1464; x_wconf 91' lang='lat' dir='ltr'>nendum</span> <span class='ocrx_word' id='word_1_90' title='bbox 510 1401 621 1463; x_wconf 90' lang='lat' dir='ltr'>bellum</span> <span class='ocrx_word' id='word_1_91' title='bbox 637 1411 711 1478; x_wconf 84' lang='lat' dir='ltr'>erat,</span> <span class='ocrx_word' id='word_1_92' title='bbox 727 1392 818 1482; x_wconf 62' lang='lat' dir='ltr'>quod⁴</span> <span class='ocrx_word' id='word_1_93' title='bbox 830 1398 881 1459; x_wconf 87' lang='lat' dir='ltr'>vix</span> <span class='ocrx_word' id='word_1_94' title='bbox 896 1396 1042 1460; x_wconf 88' lang='lat' dir='ltr'>Romanis</span> <span class='ocrx_word' id='word_1_95' title='bbox 1063 1398 1130 1459; x_wconf 84' lang='lat' dir='ltr'>fulti</span> <span class='ocrx_word' id='word_1_96' title='bbox 1150 1399 1258 1462; x_wconf 89' lang='lat' dir='ltr'>viribus</span> <span class='ocrx_word' id='word_1_97' title='bbox 1274 1403 1404 1463; x_wconf 87' lang='lat' dir='ltr'>sustinu-</span> 
     </span>
     <span class='ocr_line' id='line_1_13' title="bbox 309 1482 1405 1570; baseline 0 -20"><span class='ocrx_word' id='word_1_98' title='bbox 309 1490 317 1497; x_wconf 85' lang='lat'>&#39;</span> <span class='ocrx_word' id='word_1_99' title='bbox 368 1489 473 1551; x_wconf 87' lang='lat' dir='ltr'>issent.</span> <span class='ocrx_word' id='word_1_100' title='bbox 524 1486 594 1550; x_wconf 93' lang='lat' dir='ltr'>Non</span> <span class='ocrx_word' id='word_1_101' title='bbox 606 1486 717 1550; x_wconf 90' lang='lat' dir='ltr'>diutius</span> <span class='ocrx_word' id='word_1_102' title='bbox 730 1507 762 1547; x_wconf 90' lang='lat' dir='ltr'>se</span> <span class='ocrx_word' id='word_1_103' title='bbox 774 1486 805 1547; x_wconf 94' lang='lat' dir='ltr'>in</span> <span class='ocrx_word' id='word_1_104' title='bbox 820 1482 956 1547; x_wconf 89' lang='lat' dir='ltr'>Hernico</span> <span class='ocrx_word' id='word_1_105' title='bbox 967 1485 1064 1547; x_wconf 91' lang='lat' dir='ltr'>hostis</span> <span class='ocrx_word' id='word_1_106' title='bbox 1074 1486 1234 1548; x_wconf 90' lang='lat' dir='ltr'>continuit.</span> <span class='ocrx_word' id='word_1_107' title='bbox 1250 1489 1348 1570; x_wconf 86' lang='lat' dir='ltr'>pergit</span> <span class='ocrx_word' id='word_1_108' title='bbox 1358 1490 1405 1550; x_wconf 94' lang='lat' dir='ltr'>irr-</span> 
     </span>
     <span class='ocr_line' id='line_1_14' title="bbox 367 1571 1403 1656; baseline 0 -19"><span class='ocrx_word' id='word_1_109' title='bbox 367 1576 406 1637; x_wconf 91' lang='lat' dir='ltr'>de</span> <span class='ocrx_word' id='word_1_110' title='bbox 422 1574 547 1639; x_wconf 87' lang='lat' dir='ltr'>infestus</span> <span class='ocrx_word' id='word_1_111' title='bbox 563 1575 593 1636; x_wconf 93' lang='lat' dir='ltr'>in</span> <span class='ocrx_word' id='word_1_112' title='bbox 606 1595 693 1656; x_wconf 82' lang='lat' dir='ltr'>agros</span> <span class='ocrx_word' id='word_1_113' title='bbox 704 1572 870 1652; x_wconf 85' lang='lat' dir='ltr'>Romanos,</span> <span class='ocrx_word' id='word_1_114' title='bbox 893 1572 986 1634; x_wconf 86' lang='lat' dir='ltr'>etiarn</span> <span class='ocrx_word' id='word_1_115' title='bbox 1008 1571 1074 1635; x_wconf 89' lang='lat' dir='ltr'>sine</span> <span class='ocrx_word' id='word_1_116' title='bbox 1091 1573 1164 1635; x_wconf 87' lang='lat' dir='ltr'>belli</span> <span class='ocrx_word' id='word_1_117' title='bbox 1181 1572 1291 1656; x_wconf 90' lang='lat' dir='ltr'>injuria</span> <span class='ocrx_word' id='word_1_118' title='bbox 1303 1587 1403 1637; x_wconf 86' lang='lat' dir='ltr'>vasta·</span> 
     </span>
     <span class='ocr_line' id='line_1_15' title="bbox 367 1659 1402 1745; baseline 0.001 -21"><span class='ocrx_word' id='word_1_119' title='bbox 367 1671 427 1725; x_wconf 89' lang='lat' dir='ltr'>tos.</span> <span class='ocrx_word' id='word_1_120' title='bbox 471 1659 533 1724; x_wconf 93' lang='lat' dir='ltr'>Ubi</span> <span class='ocrx_word' id='word_1_121' title='bbox 548 1682 638 1745; x_wconf 91' lang='lat' dir='ltr'>quum</span> <span class='ocrx_word' id='word_1_122' title='bbox 655 1660 758 1724; x_wconf 88' lang='lat' dir='ltr'>obvius</span> <span class='ocrx_word' id='word_1_123' title='bbox 773 1680 874 1738; x_wconf 89' lang='lat' dir='ltr'>nemo,</span> <span class='ocrx_word' id='word_1_124' title='bbox 889 1680 927 1721; x_wconf 94' lang='lat' dir='ltr'>ne</span> <span class='ocrx_word' id='word_1_125' title='bbox 941 1660 1063 1721; x_wconf 90' lang='lat' dir='ltr'>inermis</span> <span class='ocrx_word' id='word_1_126' title='bbox 1074 1660 1208 1742; x_wconf 90' lang='lat' dir='ltr'>quidem,</span> <span class='ocrx_word' id='word_1_127' title='bbox 1223 1660 1318 1741; x_wconf 87' lang='lat' dir='ltr'>lieret,</span> <span class='ocrx_word' id='word_1_128' title='bbox 1333 1684 1402 1745; x_wconf 88' lang='lat' dir='ltr'>per-</span> 
     </span>
     <span class='ocr_line' id='line_1_16' title="bbox 367 1742 1402 1832; baseline -0.002 -20"><span class='ocrx_word' id='word_1_129' title='bbox 367 1770 425 1831; x_wconf 89' lang='lat' dir='ltr'>que</span> <span class='ocrx_word' id='word_1_130' title='bbox 447 1750 560 1829; x_wconf 84' lang='lat' dir='ltr'>emnia,</span> <span class='ocrx_word' id='word_1_131' title='bbox 586 1770 648 1811; x_wconf 93' lang='lat' dir='ltr'>non</span> <span class='ocrx_word' id='word_1_132' title='bbox 672 1746 817 1832; x_wconf 75' lang='lat' dir='ltr'>praesidiis</span> <span class='ocrx_word' id='word_1_133' title='bbox 843 1748 936 1809; x_wconf 90' lang='lat' dir='ltr'>modo</span> <span class='ocrx_word' id='word_1_134' title='bbox 962 1748 1092 1826; x_wconf 85' lang='lat' dir='ltr'>deserte,</span> <span class='ocrx_word' id='word_1_135' title='bbox 1119 1747 1173 1809; x_wconf 91' lang='lat' dir='ltr'>sed</span> <span class='ocrx_word' id='word_1_136' title='bbox 1197 1742 1288 1810; x_wconf 86' lang='lat' dir='ltr'>etiarn</span> <span class='ocrx_word' id='word_1_137' title='bbox 1320 1750 1402 1812; x_wconf 88' lang='lat' dir='ltr'>cultu</span> 
     </span>
     <span class='ocr_line' id='line_1_17' title="bbox 366 1832 1401 1919; baseline 0 -22"><span class='ocrx_word' id='word_1_138' title='bbox 366 1838 490 1918; x_wconf 83' lang='lat' dir='ltr'>agresti,</span> <span class='ocrx_word' id='word_1_139' title='bbox 500 1836 663 1900; x_wconf 87' lang='lat' dir='ltr'>transirent</span> <span class='ocrx_word' id='word_1_140' title='bbox 668 1858 678 1914; x_wconf 89' lang='lat'>;</span> <span class='ocrx_word' id='word_1_141' title='bbox 694 1854 855 1919; x_wconf 90' lang='lat' dir='ltr'>pervenere</span> <span class='ocrx_word' id='word_1_142' title='bbox 869 1834 908 1895; x_wconf 88' lang='lat' dir='ltr'>ad</span> <span class='ocrx_word' id='word_1_143' title='bbox 923 1832 1044 1898; x_wconf 89' lang='lat' dir='ltr'>tertium</span> <span class='ocrx_word' id='word_1_144' title='bbox 1060 1834 1191 1917; x_wconf 86' lang='lat' dir='ltr'>lapidem</span> <span class='ocrx_word' id='word_1_145' title='bbox 1209 1832 1329 1897; x_wconf 87' lang='lat' dir='ltr'>Gabina</span> <span class='ocrx_word' id='word_1_146' title='bbox 1342 1836 1401 1898; x_wconf 80' lang='lat' dir='ltr'>ria.</span> 
     </span>
     <span class='ocr_line' id='line_1_18' title="bbox 351 1918 1400 2005; baseline 0 -21"><span class='ocrx_word' id='word_1_147' title='bbox 351 1918 507 2003; x_wconf 85' lang='lat' dir='ltr'>&#39;Mortuus</span> <span class='ocrx_word' id='word_1_148' title='bbox 518 1920 661 1985; x_wconf 88' lang='lat' dir='ltr'>AEbutius</span> <span class='ocrx_word' id='word_1_149' title='bbox 670 1932 736 1984; x_wconf 88' lang='lat' dir='ltr'>erat</span> <span class='ocrx_word' id='word_1_150' title='bbox 745 1920 903 1983; x_wconf 89' lang='lat' dir='ltr'>Romanus</span> <span class='ocrx_word' id='word_1_151' title='bbox 918 1922 1033 1984; x_wconf 88' lang='lat' dir='ltr'>consul.</span> <span class='ocrx_word' id='word_1_152' title='bbox 1049 1921 1166 2003; x_wconf 84' lang='lat' dir='ltr'>collega</span> <span class='ocrx_word' id='word_1_153' title='bbox 1180 1920 1243 2005; x_wconf 87' lang='lat' dir='ltr'>ejus</span> <span class='ocrx_word' id='word_1_154' title='bbox 1259 1918 1400 1984; x_wconf 82' lang='lat' dir='ltr'>Servilius</span> 
     </span>
     <span class='ocr_line' id='line_1_19' title="bbox 366 2004 1400 2094; baseline 0.002 -25"><span class='ocrx_word' id='word_1_155' title='bbox 366 2009 522 2091; x_wconf 79' lang='lat' dir='ltr'>exigusin</span> <span class='ocrx_word' id='word_1_156' title='bbox 542 2032 597 2094; x_wconf 86' lang='lat' dir='ltr'>spe¹</span> <span class='ocrx_word' id='word_1_157' title='bbox 616 2009 757 2073; x_wconf 86' lang='lat' dir='ltr'>trahebat</span> <span class='ocrx_word' id='word_1_158' title='bbox 776 2007 921 2072; x_wconf 87' lang='lat' dir='ltr'>animam.</span> <span class='ocrx_word' id='word_1_159' title='bbox 946 2006 1058 2071; x_wconf 82' lang='lat' dir='ltr'>adfecti</span> <span class='ocrx_word' id='word_1_160' title='bbox 1073 2008 1206 2092; x_wconf 88' lang='lat' dir='ltr'>plerique</span> <span class='ocrx_word' id='word_1_161' title='bbox 1217 2004 1400 2092; x_wconf 82' lang='lat' dir='ltr'>principum,</span> 
     </span>
     <span class='ocr_line' id='line_1_20' title="bbox 365 2092 1399 2178; baseline 0.001 -21"><span class='ocrx_word' id='word_1_162' title='bbox 365 2092 489 2158; x_wconf 88' lang='lat' dir='ltr'>Patrurn</span> <span class='ocrx_word' id='word_1_163' title='bbox 515 2096 611 2178; x_wconf 84' lang='lat' dir='ltr'>major</span> <span class='ocrx_word' id='word_1_164' title='bbox 637 2115 716 2178; x_wconf 85' lang='lat' dir='ltr'>pars,</span> <span class='ocrx_word' id='word_1_165' title='bbox 741 2094 880 2157; x_wconf 89' lang='lat' dir='ltr'>militaris</span> <span class='ocrx_word' id='word_1_166' title='bbox 901 2095 964 2157; x_wconf 86' lang='lat' dir='ltr'>fere</span> <span class='ocrx_word' id='word_1_167' title='bbox 978 2106 1051 2157; x_wconf 81' lang='lat' dir='ltr'>aetas</span> <span class='ocrx_word' id='word_1_168' title='bbox 1066 2096 1185 2159; x_wconf 89' lang='lat' dir='ltr'>omnis:</span> <span class='ocrx_word' id='word_1_169' title='bbox 1207 2108 1317 2159; x_wconf 91' lang='lat' dir='ltr'>utnon</span> <span class='ocrx_word' id='word_1_170' title='bbox 1332 2118 1399 2158; x_wconf 85' lang='lat' dir='ltr'>rno-</span> 
     </span>
     <span class='ocr_line' id='line_1_21' title="bbox 366 2182 1402 2268; baseline 0.002 -25"><span class='ocrx_word' id='word_1_171' title='bbox 366 2182 407 2245; x_wconf 95' lang='lat' dir='ltr'>do</span> <span class='ocrx_word' id='word_1_172' title='bbox 422 2183 461 2245; x_wconf 88' lang='lat' dir='ltr'>ad</span> <span class='ocrx_word' id='word_1_173' title='bbox 477 2182 695 2268; x_wconf 85' lang='lat' dir='ltr'>expeditiones,</span> <span class='ocrx_word' id='word_1_174' title='bbox 711 2202 785 2264; x_wconf 84' lang='lat' dir='ltr'>quas</span> <span class='ocrx_word' id='word_1_175' title='bbox 802 2182 833 2243; x_wconf 94' lang='lat' dir='ltr'>irr</span> <span class='ocrx_word' id='word_1_176' title='bbox 849 2193 936 2248; x_wconf 87' lang='lat' dir='ltr'>tanto</span> <span class='ocrx_word' id='word_1_177' title='bbox 955 2182 1086 2243; x_wconf 88' lang='lat' dir='ltr'>tumultu</span> <span class='ocrx_word' id='word_1_178' title='bbox 1104 2203 1152 2244; x_wconf 89' lang='lat' dir='ltr'>res</span> <span class='ocrx_word' id='word_1_179' title='bbox 1212 2183 1326 2262; x_wconf 88' lang='lat' dir='ltr'>scebat,</span> <span class='ocrx_word' id='word_1_180' title='bbox 1347 2183 1402 2245; x_wconf 87' lang='lat' dir='ltr'>sed</span> 
     </span>
     <span class='ocr_line' id='line_1_22' title="bbox 363 2268 1405 2352; baseline 0 -21"><span class='ocrx_word' id='word_1_181' title='bbox 363 2269 415 2331; x_wconf 87' lang='lat' dir='ltr'>vix</span> <span class='ocrx_word' id='word_1_182' title='bbox 437 2270 475 2331; x_wconf 90' lang='lat' dir='ltr'>ad</span> <span class='ocrx_word' id='word_1_183' title='bbox 502 2269 619 2351; x_wconf 87' lang='lat' dir='ltr'>quietas</span> <span class='ocrx_word' id='word_1_184' title='bbox 640 2269 786 2332; x_wconf 88' lang='lat' dir='ltr'>stationes</span> <span class='ocrx_word' id='word_1_185' title='bbox 804 2268 913 2331; x_wconf 87' lang='lat' dir='ltr'>viribus</span> <span class='ocrx_word' id='word_1_186' title='bbox 937 2268 1127 2331; x_wconf 82' lang='lat' dir='ltr'>subiicerent.</span> <span class='ocrx_word' id='word_1_187' title='bbox 1208 2289 1283 2331; x_wconf 90' lang='lat' dir='ltr'>unus</span> <span class='ocrx_word' id='word_1_188' title='bbox 1302 2270 1405 2352; x_wconf 81' lang='lat' dir='ltr'>vigili-</span> 
     </span>
     <span class='ocr_line' id='line_1_23' title="bbox 364 2356 1400 2440; baseline -0.001 -21"><span class='ocrx_word' id='word_1_189' title='bbox 364 2378 449 2419; x_wconf 87' lang='lat' dir='ltr'>arum</span> <span class='ocrx_word' id='word_1_190' title='bbox 475 2368 639 2435; x_wconf 73' lang='lat' dir='ltr'>senatores,</span> <span class='ocrx_word' id='word_1_191' title='bbox 662 2356 712 2438; x_wconf 93' lang='lat' dir='ltr'>qui</span> <span class='ocrx_word' id='word_1_192' title='bbox 734 2376 786 2439; x_wconf 88' lang='lat' dir='ltr'>per</span> <span class='ocrx_word' id='word_1_193' title='bbox 807 2367 928 2417; x_wconf 78' lang='lat' dir='ltr'>aetatem</span> <span class='ocrx_word' id='word_1_194' title='bbox 957 2375 993 2416; x_wconf 90' lang='lat' dir='ltr'>ac</span> <span class='ocrx_word' id='word_1_195' title='bbox 1021 2356 1224 2418; x_wconf 86' lang='lat' dir='ltr'>valetudinem</span> <span class='ocrx_word' id='word_1_196' title='bbox 1249 2365 1400 2440; x_wconf 87' lang='lat' dir='ltr'>poterant,</span> 
     </span>
     <span class='ocr_line' id='line_1_24' title="bbox 364 2437 1398 2528; baseline -0.001 -23"><span class='ocrx_word' id='word_1_197' title='bbox 364 2464 417 2528; x_wconf 89' lang='lat' dir='ltr'>per</span> <span class='ocrx_word' id='word_1_198' title='bbox 441 2443 556 2527; x_wconf 88' lang='lat' dir='ltr'>seipsi</span> <span class='ocrx_word' id='word_1_199' title='bbox 583 2442 729 2506; x_wconf 86' lang='lat' dir='ltr'>obibant:</span> <span class='ocrx_word' id='word_1_200' title='bbox 753 2446 779 2481; x_wconf 79' lang='lat'>²⁴</span> <span class='ocrx_word' id='word_1_201' title='bbox 792 2443 930 2505; x_wconf 87' lang='lat' dir='ltr'>circuitio</span> <span class='ocrx_word' id='word_1_202' title='bbox 957 2462 993 2503; x_wconf 85' lang='lat' dir='ltr'>ac</span> <span class='ocrx_word' id='word_1_203' title='bbox 1007 2437 1092 2505; x_wconf 77' lang='lat' dir='ltr'>&#39;cure</span> <span class='ocrx_word' id='word_1_204' title='bbox 1111 2446 1139 2482; x_wconf 76' lang='lat'>²⁸</span> <span class='ocrx_word' id='word_1_205' title='bbox 1151 2442 1282 2505; x_wconf 87' lang='lat' dir='ltr'>aedilium</span> <span class='ocrx_word' id='word_1_206' title='bbox 1301 2444 1398 2527; x_wconf 91' lang='lat' dir='ltr'>plebei</span> 
     </span>
     <span class='ocr_line' id='line_1_25' title="bbox 364 2527 1398 2615; baseline 0 -25"><span class='ocrx_word' id='word_1_207' title='bbox 364 2539 439 2592; x_wconf 92' lang='lat' dir='ltr'>erat.</span> <span class='ocrx_word' id='word_1_208' title='bbox 464 2530 503 2591; x_wconf 87' lang='lat' dir='ltr'>ad</span> <span class='ocrx_word' id='word_1_209' title='bbox 526 2550 577 2591; x_wconf 89' lang='lat' dir='ltr'>eos</span> <span class='ocrx_word' id='word_1_210' title='bbox 604 2550 721 2591; x_wconf 83' lang='lat' dir='ltr'>summa</span> <span class='ocrx_word' id='word_1_211' title='bbox 745 2550 843 2591; x_wconf 87' lang='lat' dir='ltr'>rerum</span> <span class='ocrx_word' id='word_1_212' title='bbox 867 2550 902 2591; x_wconf 89' lang='lat' dir='ltr'>ac</span> <span class='ocrx_word' id='word_1_213' title='bbox 927 2527 1071 2614; x_wconf 83' lang='lat' dir='ltr'>majestas</span> <span class='ocrx_word' id='word_1_214' title='bbox 1095 2530 1260 2591; x_wconf 87' lang='lat' dir='ltr'>consularis</span> <span class='ocrx_word' id='word_1_215' title='bbox 1282 2530 1398 2615; x_wconf 89' lang='lat' dir='ltr'>imperii</span> 
     </span>
    </p>

    <p class='ocr_par' dir='ltr' id='par_1_4' title="bbox 311 2628 1418 3916">
     <span class='ocr_line' id='line_1_26' title="bbox 361 2628 1260 2681; baseline 0.011 -3"><span class='ocrx_word' id='word_1_216' title='bbox 361 2628 496 2681; x_wconf 86' lang='lat' dir='ltr'>venerat.</span> <span class='ocrx_word' id='word_1_217' title='bbox 1258 2660 1260 2662; x_wconf 27' lang='lat' dir='ltr'>v</span> 
     </span>
     <span class='ocr_line' id='line_1_27' title="bbox 404 2699 1418 2790; baseline 0.003 -26"><span class='ocrx_word' id='word_1_218' title='bbox 404 2699 474 2766; x_wconf 92' lang='lat' dir='ltr'>Vll.</span> <span class='ocrx_word' id='word_1_219' title='bbox 495 2701 626 2768; x_wconf 88' lang='lat' dir='ltr'>Deserta</span> <span class='ocrx_word' id='word_1_220' title='bbox 648 2703 761 2784; x_wconf 84' lang='lat' dir='ltr'>omnio,</span> <span class='ocrx_word' id='word_1_221' title='bbox 784 2705 848 2768; x_wconf 89' lang='lat' dir='ltr'>sine</span> <span class='ocrx_word' id='word_1_222' title='bbox 871 2704 982 2790; x_wconf 87' lang='lat' dir='ltr'>capite,</span> <span class='ocrx_word' id='word_1_223' title='bbox 1003 2703 1067 2768; x_wconf 89' lang='lat' dir='ltr'>sine</span> <span class='ocrx_word' id='word_1_224' title='bbox 1077 2700 1206 2784; x_wconf 64' lang='lat' dir='ltr'>uiribus,</span> <span class='ocrx_word' id='word_1_225' title='bbox 1225 2704 1276 2768; x_wconf 93' lang='lat' dir='ltr'>Dii</span> <span class='ocrx_word' id='word_1_226' title='bbox 1296 2701 1418 2789; x_wconf 75' lang='lat' dir='ltr'>praesi·¹</span> 
     </span>
     <span class='ocr_line' id='line_1_28' title="bbox 361 2785 1398 2876; baseline 0.002 -24"><span class='ocrx_word' id='word_1_227' title='bbox 361 2789 414 2852; x_wconf 88' lang='lat' dir='ltr'>des</span> <span class='ocrx_word' id='word_1_228' title='bbox 430 2812 465 2854; x_wconf 90' lang='lat' dir='ltr'>ac</span> <span class='ocrx_word' id='word_1_229' title='bbox 486 2790 606 2855; x_wconf 84' lang='lat' dir='ltr'>fortuna</span> <span class='ocrx_word' id='word_1_230' title='bbox 625 2793 706 2855; x_wconf 89' lang='lat' dir='ltr'>urbis</span> <span class='ocrx_word' id='word_1_231' title='bbox 721 2803 821 2855; x_wconf 86' lang='lat' dir='ltr'>tutata</span> <span class='ocrx_word' id='word_1_232' title='bbox 840 2805 896 2872; x_wconf 89' lang='lat' dir='ltr'>est,</span> <span class='ocrx_word' id='word_1_233' title='bbox 916 2812 980 2876; x_wconf 87' lang='lat' dir='ltr'>quae</span> <span class='ocrx_word' id='word_1_234' title='bbox 992 2785 1110 2854; x_wconf 87' lang='lat' dir='ltr'>Volscis</span> <span class='ocrx_word' id='word_1_235' title='bbox 1122 2790 1301 2874; x_wconf 85' lang='lat' dir='ltr'>AEquisque,</span> <span class='ocrx_word' id='word_1_236' title='bbox 1321 2814 1398 2876; x_wconf 89' lang='lat' dir='ltr'>prae·</span> 
     </span>
     <span class='ocr_line' id='line_1_29' title="bbox 311 2877 1396 2961; baseline 0.002 -22"><span class='ocrx_word' id='word_1_237' title='bbox 311 2921 315 2928; x_wconf 84' lang='lat'><em>·</em></span> <span class='ocrx_word' id='word_1_238' title='bbox 360 2877 472 2940; x_wconf 90' lang='lat' dir='ltr'>donum</span> <span class='ocrx_word' id='word_1_239' title='bbox 497 2879 598 2961; x_wconf 90' lang='lat' dir='ltr'>potius</span> <span class='ocrx_word' id='word_1_240' title='bbox 624 2891 769 2960; x_wconf 86' lang='lat' dir='ltr'>mentem,</span> <span class='ocrx_word' id='word_1_241' title='bbox 792 2897 883 2961; x_wconf 91' lang='lat' dir='ltr'>qnam</span> <span class='ocrx_word' id='word_1_242' title='bbox 898 2879 1042 2957; x_wconf 88' lang='lat' dir='ltr'>hostium,</span> <span class='ocrx_word' id='word_1_243' title='bbox 1064 2879 1156 2940; x_wconf 81' lang='lat' dir='ltr'>dedit</span> <span class='ocrx_word' id='word_1_244' title='bbox 1178 2881 1206 2918; x_wconf 76' lang='lat'>¹⁸</span> <span class='ocrx_word' id='word_1_245' title='bbox 1222 2878 1299 2941; x_wconf 91' lang='lat' dir='ltr'>adeo</span> <span class='ocrx_word' id='word_1_246' title='bbox 1314 2879 1396 2941; x_wconf 87' lang='lat' dir='ltr'>enirn</span> 
     </span>
     <span class='ocr_line' id='line_1_30' title="bbox 358 2964 1396 3051; baseline 0.001 -25"><span class='ocrx_word' id='word_1_247' title='bbox 358 2965 442 3027; x_wconf 88' lang='lat' dir='ltr'>nulla</span> <span class='ocrx_word' id='word_1_248' title='bbox 456 2987 524 3049; x_wconf 89' lang='lat' dir='ltr'>spes</span> <span class='ocrx_word' id='word_1_249' title='bbox 545 2986 606 3028; x_wconf 94' lang='lat' dir='ltr'>non</span> <span class='ocrx_word' id='word_1_250' title='bbox 625 2965 765 3051; x_wconf 91' lang='lat' dir='ltr'>potiundi</span> <span class='ocrx_word' id='word_1_251' title='bbox 787 2966 889 3046; x_wconf 89' lang='lat' dir='ltr'>modo,</span> <span class='ocrx_word' id='word_1_252' title='bbox 913 2967 967 3028; x_wconf 91' lang='lat' dir='ltr'>sed</span> <span class='ocrx_word' id='word_1_253' title='bbox 985 2986 1023 3028; x_wconf 89' lang='lat' dir='ltr'>ne</span> <span class='ocrx_word' id='word_1_254' title='bbox 1049 2964 1179 3027; x_wconf 86' lang='lat' dir='ltr'>adeundi</span> <span class='ocrx_word' id='word_1_255' title='bbox 1193 2964 1316 3046; x_wconf 91' lang='lat' dir='ltr'>quidem</span> <span class='ocrx_word' id='word_1_256' title='bbox 1330 2964 1396 3027; x_wconf 90' lang='lat' dir='ltr'>Ro-</span> 
     </span>
     <span class='ocr_line' id='line_1_31' title="bbox 359 3052 1396 3138; baseline 0 -24"><span class='ocrx_word' id='word_1_257' title='bbox 359 3073 451 3115; x_wconf 86' lang='lat' dir='ltr'>mena</span> <span class='ocrx_word' id='word_1_258' title='bbox 465 3053 586 3134; x_wconf 77' lang='lat' dir='ltr'>moenis,</span> <span class='ocrx_word' id='word_1_259' title='bbox 614 3054 732 3116; x_wconf 86' lang='lat' dir='ltr'>animos</span> <span class='ocrx_word' id='word_1_260' title='bbox 753 3075 857 3116; x_wconf 89' lang='lat' dir='ltr'>eorum</span> <span class='ocrx_word' id='word_1_261' title='bbox 878 3052 970 3138; x_wconf 86' lang='lat' dir='ltr'>cepit,</span> <span class='ocrx_word' id='word_1_262' title='bbox 991 3063 1132 3135; x_wconf 85' lang='lat' dir='ltr'>tectaque</span> <span class='ocrx_word' id='word_1_263' title='bbox 1150 3052 1255 3135; x_wconf 89' lang='lat' dir='ltr'>procul</span> <span class='ocrx_word' id='word_1_264' title='bbox 1269 3053 1334 3114; x_wconf 81' lang='lat' dir='ltr'>vise</span> <span class='ocrx_word' id='word_1_265' title='bbox 1347 3064 1396 3114; x_wconf 84' lang='lat' dir='ltr'>st·</span> 
     </span>
     <span class='ocr_line' id='line_1_32' title="bbox 359 3139 1396 3222; baseline 0 -20"><span class='ocrx_word' id='word_1_266' title='bbox 359 3160 417 3222; x_wconf 94' lang='lat' dir='ltr'>que</span> <span class='ocrx_word' id='word_1_267' title='bbox 446 3140 625 3203; x_wconf 85' lang='lat' dir='ltr'>inminentes</span> <span class='ocrx_word' id='word_1_268' title='bbox 655 3141 763 3204; x_wconf 91' lang='lat' dir='ltr'>tumuli</span> <span class='ocrx_word' id='word_1_269' title='bbox 793 3152 926 3203; x_wconf 79' lang='lat' dir='ltr'>avertere</span> <span class='ocrx_word' id='word_1_270' title='bbox 955 3150 1071 3202; x_wconf 81' lang='lat' dir='ltr'>mentes</span> <span class='ocrx_word' id='word_1_271' title='bbox 1101 3161 1203 3202; x_wconf 88' lang='lat' dir='ltr'>eorum</span> <span class='ocrx_word' id='word_1_272' title='bbox 1215 3163 1225 3219; x_wconf 83' lang='lat'>3</span> <span class='ocrx_word' id='word_1_273' title='bbox 1247 3151 1295 3218; x_wconf 90' lang='lat' dir='ltr'>ut,</span> <span class='ocrx_word' id='word_1_274' title='bbox 1324 3139 1396 3202; x_wconf 87' lang='lat' dir='ltr'>totis</span> 
     </span>
     <span class='ocr_line' id='line_1_33' title="bbox 357 3226 1395 3312; baseline -0.001 -22"><span class='ocrx_word' id='word_1_275' title='bbox 357 3228 470 3312; x_wconf 84' lang='lat' dir='ltr'>passim</span> <span class='ocrx_word' id='word_1_276' title='bbox 486 3227 590 3290; x_wconf 86' lang='lat' dir='ltr'>castris</span> <span class='ocrx_word' id='word_1_277' title='bbox 606 3231 633 3274; x_wconf 67' lang='lat'>⁹⁷</span> <span class='ocrx_word' id='word_1_278' title='bbox 639 3227 760 3291; x_wconf 86' lang='lat' dir='ltr'>fremitu</span> <span class='ocrx_word' id='word_1_279' title='bbox 775 3239 855 3307; x_wconf 89' lang='lat' dir='ltr'>orto,</span> <span class='ocrx_word' id='word_1_280' title='bbox 871 3226 966 3309; x_wconf 89' lang='lat' dir='ltr'>‘quid</span> <span class='ocrx_word' id='word_1_281' title='bbox 986 3226 1017 3287; x_wconf 94' lang='lat' dir='ltr'>in</span> <span class='ocrx_word' id='word_1_282' title='bbox 1031 3237 1117 3288; x_wconf 86' lang='lat' dir='ltr'>vasto</span> <span class='ocrx_word' id='word_1_283' title='bbox 1136 3246 1172 3287; x_wconf 89' lang='lat' dir='ltr'>ac</span> <span class='ocrx_word' id='word_1_284' title='bbox 1187 3226 1309 3289; x_wconf 87' lang='lat' dir='ltr'>deserto</span> <span class='ocrx_word' id='word_1_285' title='bbox 1324 3247 1395 3308; x_wconf 87' lang='lat' dir='ltr'>agro</span> 
     </span>
     <span class='ocr_line' id='line_1_34' title="bbox 358 3312 1394 3399; baseline -0.002 -23"><span class='ocrx_word' id='word_1_286' title='bbox 358 3315 370 3347; x_wconf 91' lang='lat'>‘</span> <span class='ocrx_word' id='word_1_287' title='bbox 384 3315 462 3378; x_wconf 85' lang='lat' dir='ltr'>inter</span> <span class='ocrx_word' id='word_1_288' title='bbox 473 3318 575 3378; x_wconf 86' lang='lat' dir='ltr'>tabern</span> <span class='ocrx_word' id='word_1_289' title='bbox 585 3337 729 3399; x_wconf 88' lang='lat' dir='ltr'>pecorum</span> <span class='ocrx_word' id='word_1_290' title='bbox 740 3314 956 3396; x_wconf 81' lang='lat' dir='ltr'>hominumque</span> <span class='ocrx_word' id='word_1_291' title='bbox 965 3312 1084 3376; x_wconf 89' lang='lat' dir='ltr'>desides</span> <span class='ocrx_word' id='word_1_292' title='bbox 1093 3314 1157 3375; x_wconf 90' lang='lat' dir='ltr'>sine</span> <span class='ocrx_word' id='word_1_293' title='bbox 1166 3314 1268 3397; x_wconf 77' lang='lat' dir='ltr'>praeda</span> <span class='ocrx_word' id='word_1_294' title='bbox 1276 3324 1394 3397; x_wconf 85' lang='lat' dir='ltr'>tempus</span> 
     </span>
     <span class='ocr_line' id='line_1_35' title="bbox 357 3397 1395 3484; baseline -0.002 -21"><span class='ocrx_word' id='word_1_295' title='bbox 357 3397 1395 3484; x_wconf 61' lang='lat' dir='ltr'>‘tererent,quumintegrelocq&#39;llrsoulanumagmm,opimumcopiis,</span> 
     </span>
     <span class='ocr_line' id='line_1_36' title="bbox 358 3486 1394 3571; baseline -0.002 -22"><span class='ocrx_word' id='word_1_296' title='bbox 358 3486 484 3568; x_wconf 89' lang='lat' dir='ltr'>‘petere</span> <span class='ocrx_word' id='word_1_297' title='bbox 505 3500 629 3570; x_wconf 87' lang='lat' dir='ltr'>possent</span> <span class='ocrx_word' id='word_1_298' title='bbox 640 3487 663 3550; x_wconf 81' lang='lat' dir='ltr'>i&#39;</span> <span class='ocrx_word' id='word_1_299' title='bbox 684 3489 771 3571; x_wconf 80' lang='lat' dir='ltr'>signa</span> <span class='ocrx_word' id='word_1_300' title='bbox 789 3500 914 3571; x_wconf 89' lang='lat' dir='ltr'>repente</span> <span class='ocrx_word' id='word_1_301' title='bbox 930 3487 1142 3565; x_wconf 89' lang='lat' dir='ltr'>convellerent,</span> <span class='ocrx_word' id='word_1_302' title='bbox 1163 3487 1394 3568; x_wconf 83' lang='lat' dir='ltr'>transversisque</span> 
     </span>
     <span class='ocr_line' id='line_1_37' title="bbox 356 3571 1391 3657; baseline 0 -25"><span class='ocrx_word' id='word_1_303' title='bbox 356 3571 512 3636; x_wconf 86' lang='lat' dir='ltr'>itineribus</span> <span class='ocrx_word' id='word_1_304' title='bbox 533 3594 586 3656; x_wconf 92' lang='lat' dir='ltr'>per</span> <span class='ocrx_word' id='word_1_305' title='bbox 605 3573 768 3638; x_wconf 67' lang='lat' dir='ltr'>luvicenos</span> <span class='ocrx_word' id='word_1_306' title='bbox 791 3595 879 3657; x_wconf 84' lang='lat' dir='ltr'>agros</span> <span class='ocrx_word' id='word_1_307' title='bbox 904 3575 935 3635; x_wconf 95' lang='lat' dir='ltr'>in</span> <span class='ocrx_word' id='word_1_308' title='bbox 956 3571 1145 3636; x_wconf 85' lang='lat' dir='ltr'>Tusculanos</span> <span class='ocrx_word' id='word_1_309' title='bbox 1172 3574 1262 3636; x_wconf 86' lang='lat' dir='ltr'>colles</span> <span class='ocrx_word' id='word_1_310' title='bbox 1281 3573 1391 3636; x_wconf 85' lang='lat' dir='ltr'>transi·</span> 
     </span>
     <span class='ocr_line' id='line_1_38' title="bbox 356 3658 1391 3745; baseline 0.001 -24"><span class='ocrx_word' id='word_1_311' title='bbox 356 3670 434 3722; x_wconf 90' lang='lat' dir='ltr'>rent.</span> <span class='ocrx_word' id='word_1_312' title='bbox 457 3679 493 3722; x_wconf 91' lang='lat' dir='ltr'>eo</span> <span class='ocrx_word' id='word_1_313' title='bbox 516 3659 560 3722; x_wconf 73' lang='lat' dir='ltr'>sis</span> <span class='ocrx_word' id='word_1_314' title='bbox 581 3662 679 3723; x_wconf 89' lang='lat' dir='ltr'>omnis</span> <span class='ocrx_word' id='word_1_315' title='bbox 702 3674 926 3745; x_wconf 86' lang='lat' dir='ltr'>tempestasque</span> <span class='ocrx_word' id='word_1_316' title='bbox 947 3660 1019 3723; x_wconf 89' lang='lat' dir='ltr'>belli</span> <span class='ocrx_word' id='word_1_317' title='bbox 1043 3681 1187 3723; x_wconf 84' lang='lat' dir='ltr'>conversa</span> <span class='ocrx_word' id='word_1_318' title='bbox 1210 3671 1265 3722; x_wconf 89' lang='lat' dir='ltr'>est.</span> <span class='ocrx_word' id='word_1_319' title='bbox 1309 3658 1391 3722; x_wconf 91' lang='lat' dir='ltr'>lnte·</span> 
     </span>
     <span class='ocr_line' id='line_1_39' title="bbox 355 3745 1393 3831; baseline -0.001 -23"><span class='ocrx_word' id='word_1_320' title='bbox 355 3747 412 3808; x_wconf 86' lang='lat' dir='ltr'>rim</span> <span class='ocrx_word' id='word_1_321' title='bbox 432 3745 559 3809; x_wconf 91' lang='lat' dir='ltr'>Hernici</span> <span class='ocrx_word' id='word_1_322' title='bbox 580 3745 748 3831; x_wconf 66' lang='lat' dir='ltr'>latinique,</span> <span class='ocrx_word' id='word_1_323' title='bbox 771 3748 887 3831; x_wconf 91' lang='lat' dir='ltr'>pudore</span> <span class='ocrx_word' id='word_1_324' title='bbox 902 3748 1005 3827; x_wconf 92' lang='lat' dir='ltr'>etiam,</span> <span class='ocrx_word' id='word_1_325' title='bbox 1028 3767 1091 3809; x_wconf 92' lang='lat' dir='ltr'>non</span> <span class='ocrx_word' id='word_1_326' title='bbox 1115 3746 1321 3810; x_wconf 85' lang='lat' dir='ltr'>misericordie</span> <span class='ocrx_word' id='word_1_327' title='bbox 1341 3768 1393 3807; x_wconf 87' lang='lat' dir='ltr'>so·</span> 
     </span>
     <span class='ocr_line' id='line_1_40' title="bbox 354 3833 1392 3916; baseline 0 -20"><span class='ocrx_word' id='word_1_328' title='bbox 354 3835 428 3916; x_wconf 89' lang='lat' dir='ltr'>lum,</span> <span class='ocrx_word' id='word_1_329' title='bbox 439 3835 525 3913; x_wconf 89' lang='lat' dir='ltr'>moti,</span> <span class='ocrx_word' id='word_1_330' title='bbox 552 3835 577 3897; x_wconf 91' lang='lat' dir='ltr'>si</span> <span class='ocrx_word' id='word_1_331' title='bbox 592 3855 648 3898; x_wconf 92' lang='lat' dir='ltr'>nec</span> <span class='ocrx_word' id='word_1_332' title='bbox 669 3835 858 3899; x_wconf 83' lang='lat' dir='ltr'>obstitissent</span> <span class='ocrx_word' id='word_1_333' title='bbox 872 3833 1082 3896; x_wconf 89' lang='lat' dir='ltr'>communibus</span> <span class='ocrx_word' id='word_1_334' title='bbox 1109 3834 1257 3915; x_wconf 84' lang='lat' dir='ltr'>hostibus,</span> <span class='ocrx_word' id='word_1_335' title='bbox 1282 3833 1392 3896; x_wconf 86' lang='lat' dir='ltr'>infesto</span> 
     </span>
    </p>
   </div>
   <div class='ocr_carea' id='block_1_4' title="bbox 589 3969 1071 4043">
    <p class='ocr_par' dir='ltr' id='par_1_5' title="bbox 589 3969 1071 4043">
     <span class='ocr_line' id='line_1_41' title="bbox 589 3969 1071 4043; baseline 0.01 -28"><span class='ocrx_word' id='word_1_336' title='bbox 589 4037 591 4043; x_wconf 25' lang='grc' dir='ltr'>Ι</span> <span class='ocrx_word' id='word_1_337' title='bbox 689 3978 703 4028; x_wconf 42' lang='grc' dir='ltr'>π,</span> <span class='ocrx_word' id='word_1_338' title='bbox 716 3970 905 4034; x_wconf 66' lang='lat' dir='ltr'>ingemiaodte</span> <span class='ocrx_word' id='word_1_339' title='bbox 916 3969 990 4021; x_wconf 85' lang='lat' dir='ltr'>Gron.</span> <span class='ocrx_word' id='word_1_340' title='bbox 1000 3969 1071 4021; x_wconf 72' lang='lat' dir='ltr'>Cres.</span> 
     </span>
    </p>
   </div>
   <div class='ocr_carea' id='block_1_5' title="bbox 259 4083 1394 4629">
    <p class='ocr_par' dir='ltr' id='par_1_6' title="bbox 385 4083 1394 4150">
     <span class='ocr_line' id='line_1_42' title="bbox 385 4083 1394 4150; baseline 0.001 -14"><span class='ocrx_word' id='word_1_341' title='bbox 385 4086 407 4120; x_wconf 74' lang='lat'>²⁴</span> <span class='ocrx_word' id='word_1_342' title='bbox 420 4083 435 4116; x_wconf 76' lang='lat'>⁸</span> <span class='ocrx_word' id='word_1_343' title='bbox 449 4086 556 4138; x_wconf 75' lang='lat' dir='ltr'>circuitio</span> <span class='ocrx_word' id='word_1_344' title='bbox 576 4085 694 4150; x_wconf 64' lang='lat' dir='ltr'>cosm]</span> <span class='ocrx_word' id='word_1_345' title='bbox 724 4084 858 4136; x_wconf 81' lang='lat' dir='ltr'>Circuibant</span> <span class='ocrx_word' id='word_1_346' title='bbox 889 4101 969 4139; x_wconf 81' lang='lat' dir='ltr'>natura</span> <span class='ocrx_word' id='word_1_347' title='bbox 987 4088 1031 4139; x_wconf 83' lang='lat' dir='ltr'>loci</span> <span class='ocrx_word' id='word_1_348' title='bbox 1048 4100 1074 4138; x_wconf 83' lang='lat' dir='ltr'>et</span> <span class='ocrx_word' id='word_1_349' title='bbox 1089 4086 1167 4136; x_wconf 72' lang='lat' dir='ltr'>relidit</span> <span class='ocrx_word' id='word_1_350' title='bbox 1187 4087 1335 4138; x_wconf 75' lang='lat' dir='ltr'>munimentis</span> <span class='ocrx_word' id='word_1_351' title='bbox 1351 4087 1394 4137; x_wconf 85' lang='lat' dir='ltr'>de·</span> 
     </span>
    </p>

    <p class='ocr_par' dir='ltr' id='par_1_7' title="bbox 351 4144 1394 4480">
     <span class='ocr_line' id='line_1_43' title="bbox 351 4144 1295 4215; baseline 0.005 -19"><span class='ocrx_word' id='word_1_352' title='bbox 351 4144 438 4209; x_wconf 72' lang='lat' dir='ltr'>vigilias</span> <span class='ocrx_word' id='word_1_353' title='bbox 455 4166 479 4202; x_wconf 85' lang='lat' dir='ltr'>et</span> <span class='ocrx_word' id='word_1_354' title='bbox 491 4169 529 4204; x_wconf 80' lang='lat' dir='ltr'>eas</span> <span class='ocrx_word' id='word_1_355' title='bbox 538 4165 602 4204; x_wconf 83' lang='lat' dir='ltr'>recte</span> <span class='ocrx_word' id='word_1_356' title='bbox 620 4153 733 4201; x_wconf 81' lang='lat' dir='ltr'>obeundas</span> <span class='ocrx_word' id='word_1_357' title='bbox 749 4152 858 4201; x_wconf 70' lang='lat' dir='ltr'>cuntur</span> <span class='ocrx_word' id='word_1_358' title='bbox 888 4156 963 4215; x_wconf 77' lang='lat' dir='ltr'>sensa,</span> <span class='ocrx_word' id='word_1_359' title='bbox 972 4155 1037 4205; x_wconf 82' lang='lat' dir='ltr'>facile</span> <span class='ocrx_word' id='word_1_360' title='bbox 1048 4154 1093 4202; x_wconf 84' lang='lat' dir='ltr'>virn</span> <span class='ocrx_word' id='word_1_361' title='bbox 1104 4155 1205 4203; x_wconf 79' lang='lat' dir='ltr'>hostiurn</span> <span class='ocrx_word' id='word_1_362' title='bbox 1216 4155 1295 4203; x_wconf 80' lang='lat' dir='ltr'>arcuit.</span> 
     </span>
     <span class='ocr_line' id='line_1_44' title="bbox 354 4215 1391 4284; baseline 0.004 -22"><span class='ocrx_word' id='word_1_363' title='bbox 354 4215 432 4262; x_wconf 77' lang='lat' dir='ltr'>aediles</span> <span class='ocrx_word' id='word_1_364' title='bbox 443 4219 527 4280; x_wconf 80' lang='lat' dir='ltr'>plebei.</span> <span class='ocrx_word' id='word_1_365' title='bbox 920 4221 941 4257; x_wconf 71' lang='lat'>²⁷</span> <span class='ocrx_word' id='word_1_366' title='bbox 957 4219 1059 4269; x_wconf 70' lang='lat' dir='ltr'>Fremitu</span> <span class='ocrx_word' id='word_1_367' title='bbox 1069 4229 1124 4280; x_wconf 84' lang='lat' dir='ltr'>orto,</span> <span class='ocrx_word' id='word_1_368' title='bbox 1133 4221 1199 4284; x_wconf 83' lang='lat' dir='ltr'>quid]</span> <span class='ocrx_word' id='word_1_369' title='bbox 1220 4219 1324 4269; x_wconf 78' lang='lat' dir='ltr'>Fremitu</span> <span class='ocrx_word' id='word_1_370' title='bbox 1340 4230 1391 4266; x_wconf 87' lang='lat' dir='ltr'>orto</span> 
     </span>
     <span class='ocr_line' id='line_1_45' title="bbox 384 4279 1394 4348; baseline 0.003 -18"><span class='ocrx_word' id='word_1_371' title='bbox 384 4279 406 4312; x_wconf 69' lang='lat'>⁹⁵</span> <span class='ocrx_word' id='word_1_372' title='bbox 422 4280 532 4332; x_wconf 76' lang='lat' dir='ltr'>AEdilium</span> <span class='ocrx_word' id='word_1_373' title='bbox 540 4284 619 4348; x_wconf 68' lang='lat' dir='ltr'>plebei]</span> <span class='ocrx_word' id='word_1_374' title='bbox 634 4283 688 4334; x_wconf 88' lang='lat' dir='ltr'>Hoc</span> <span class='ocrx_word' id='word_1_375' title='bbox 699 4281 796 4346; x_wconf 84' lang='lat' dir='ltr'>primum</span> <span class='ocrx_word' id='word_1_376' title='bbox 807 4282 857 4335; x_wconf 86' lang='lat' dir='ltr'>loco</span> <span class='ocrx_word' id='word_1_377' title='bbox 887 4285 1032 4346; x_wconf 78' lang='lat' dir='ltr'>rogitantium</span> <span class='ocrx_word' id='word_1_378' title='bbox 1045 4286 1108 4334; x_wconf 84' lang='lat' dir='ltr'>inter</span> <span class='ocrx_word' id='word_1_379' title='bbox 1122 4301 1158 4347; x_wconf 84' lang='lat' dir='ltr'>se,</span> <span class='ocrx_word' id='word_1_380' title='bbox 1178 4286 1306 4348; x_wconf 63' lang='lat' dir='ltr'>quidm.</span> <span class='ocrx_word' id='word_1_381' title='bbox 1337 4284 1394 4333; x_wconf 81' lang='lat' dir='ltr'>Hoc</span> 
     </span>
     <span class='ocr_line' id='line_1_46' title="bbox 352 4335 1394 4416; baseline 0.007 -25"><span class='ocrx_word' id='word_1_382' title='bbox 352 4335 433 4392; x_wconf 75' lang='lat' dir='ltr'>turus</span> <span class='ocrx_word' id='word_1_383' title='bbox 447 4347 523 4395; x_wconf 75' lang='lat' dir='ltr'>ediles</span> <span class='ocrx_word' id='word_1_384' title='bbox 532 4349 608 4411; x_wconf 84' lang='lat' dir='ltr'>plebei</span> <span class='ocrx_word' id='word_1_385' title='bbox 618 4351 723 4416; x_wconf 75' lang='lat' dir='ltr'>appellat.</span> <span class='ocrx_word' id='word_1_386' title='bbox 739 4347 798 4399; x_wconf 84' lang='lat' dir='ltr'>Vid.</span> <span class='ocrx_word' id='word_1_387' title='bbox 807 4360 857 4400; x_wconf 88' lang='lat' dir='ltr'>not.</span> <span class='ocrx_word' id='word_1_388' title='bbox 887 4366 935 4399; x_wconf 86' lang='lat' dir='ltr'>nou</span> <span class='ocrx_word' id='word_1_389' title='bbox 945 4366 1100 4413; x_wconf 82' lang='lat' dir='ltr'>moneremus,</span> <span class='ocrx_word' id='word_1_390' title='bbox 1109 4351 1153 4399; x_wconf 84' lang='lat' dir='ltr'>nisi</span> <span class='ocrx_word' id='word_1_391' title='bbox 1168 4349 1230 4400; x_wconf 81' lang='lat' dir='ltr'>Tan.</span> <span class='ocrx_word' id='word_1_392' title='bbox 1240 4351 1319 4400; x_wconf 63' lang='lat' dir='ltr'>Faber*</span> <span class='ocrx_word' id='word_1_393' title='bbox 1329 4352 1394 4398; x_wconf 85' lang='lat' dir='ltr'>vide-</span> 
     </span>
     <span class='ocr_line' id='line_1_47' title="bbox 354 4409 1394 4480; baseline 0.018 -24"><span class='ocrx_word' id='word_1_394' title='bbox 354 4409 510 4462; x_wconf 81' lang='lat' dir='ltr'>80.edc.33.</span> <span class='ocrx_word' id='word_1_395' title='bbox 522 4411 578 4464; x_wconf 80' lang='lat' dir='ltr'>Lu.</span> <span class='ocrx_word' id='word_1_396' title='bbox 886 4427 953 4466; x_wconf 87' lang='lat' dir='ltr'>retur</span> <span class='ocrx_word' id='word_1_397' title='bbox 967 4417 1043 4466; x_wconf 84' lang='lat' dir='ltr'>locum</span> <span class='ocrx_word' id='word_1_398' title='bbox 1066 4415 1129 4466; x_wconf 87' lang='lat' dir='ltr'>hunc</span> <span class='ocrx_word' id='word_1_399' title='bbox 1148 4432 1228 4480; x_wconf 73' lang='lat' dir='ltr'>penum</span> <span class='ocrx_word' id='word_1_400' title='bbox 1247 4417 1394 4476; x_wconf 70' lang='lat' dir='ltr'>melesius</span> 
     </span>
    </p>

    <p class='ocr_par' dir='ltr' id='par_1_8' title="bbox 311 4473 1296 4552">
     <span class='ocr_line' id='line_1_48' title="bbox 311 4473 1296 4552; baseline 0.007 -28"><span class='ocrx_word' id='word_1_401' title='bbox 311 4545 314 4552; x_wconf 32' lang='grc' dir='ltr'>Ι</span> <span class='ocrx_word' id='word_1_402' title='bbox 382 4473 404 4514; x_wconf 82' lang='lat'>¹⁶</span> <span class='ocrx_word' id='word_1_403' title='bbox 418 4475 556 4540; x_wconf 73' lang='lat' dir='ltr'>Mosaios]</span> <span class='ocrx_word' id='word_1_404' title='bbox 572 4477 648 4529; x_wconf 78' lang='lat' dir='ltr'>Volsci</span> <span class='ocrx_word' id='word_1_405' title='bbox 659 4481 759 4533; x_wconf 79' lang='lat' dir='ltr'>Romam</span> <span class='ocrx_word' id='word_1_406' title='bbox 769 4497 855 4548; x_wconf 68' lang='lat' dir='ltr'>opprss-</span> <span class='ocrx_word' id='word_1_407' title='bbox 887 4479 1225 4547; x_wconf 73' lang='lat' dir='ltr'>dumnultretidettriquid.</span> <span class='ocrx_word' id='word_1_408' title='bbox 1293 4537 1296 4542; x_wconf 51' lang='grc'><strong>,</strong></span> 
     </span>
    </p>

    <p class='ocr_par' dir='ltr' id='par_1_9' title="bbox 259 4540 1129 4629">
     <span class='ocr_line' id='line_1_49' title="bbox 259 4540 1129 4629; baseline 0.014 -37"><span class='ocrx_word' id='word_1_409' title='bbox 259 4617 263 4629; x_wconf 30' lang='grc' dir='ltr'><strong><em>Ι</em></strong></span> <span class='ocrx_word' id='word_1_410' title='bbox 349 4551 440 4614; x_wconf 63' lang='lat' dir='ltr'>navae,</span> <span class='ocrx_word' id='word_1_411' title='bbox 462 4540 613 4610; x_wconf 68' lang='lat' dir='ltr'>ultiones</span> <span class='ocrx_word' id='word_1_412' title='bbox 633 4547 696 4622; x_wconf 61' lang='lat' dir='ltr'>fidet,</span> <span class='ocrx_word' id='word_1_413' title='bbox 737 4548 783 4603; x_wconf 80' lang='lat' dir='ltr'>Sed</span> <span class='ocrx_word' id='word_1_414' title='bbox 801 4549 855 4607; x_wconf 75' lang='lat' dir='ltr'>urbs</span> <span class='ocrx_word' id='word_1_415' title='bbox 1126 4553 1129 4556; x_wconf 73' lang='grc'><strong><em>’</em></strong></span> 
     </span>
    </p>
   </div>
   <div class='ocr_carea' id='block_1_6' title="bbox 0 0 1592 5200">
    <p class='ocr_par' dir='ltr' id='par_1_10' title="bbox 0 0 1592 5200">
     <span class='ocr_line' id='line_1_50' title="bbox 0 0 1592 5200; baseline 0 6"><span class='ocrx_word' id='word_1_416' title='bbox 0 0 1592 5200; x_wconf 95' lang='lat' dir='ltr'> </span> 
     </span>
    </p>
   </div>
  </div>
 </body>
</html>
