3175 5200
355 403 356 406 η
388 361 451 419 tte
807 351 892 416 'l'l'ss
911 347 1021 417 lell.

227 545 370 601 mm,
393 513 488 578 etiarn
506 511 629 615 ‘integi‘
651 505 982 616 Romanoqperculs'os
995 531 1106 614 pqvore
1126 521 1206 590 rata,
1230 506 1324 572 simul
1347 508 1461 606 ”opj
1550 582 1554 591 ¹

225 613 366 772 mn·
394 601 837 769 rnrrnrlnln
859 613 1090 749 terra
1110 619 1198 770 n:
1223 605 1461 756 ΜΕ,

227 759 351 877 m
398 773 506 856 (masi
528 786 625 853 eant,
644 775 695 856 qur
714 773 903 853 maiorm)
926 783 958 834 et
976 772 1016 834 eo
1034 772 1161 844 maes
1173 768 1458 862 'pacatiusque

351 861 359 878 '
394 863 446 944 qui
471 881 528 946 pro
551 861 748 924 munitoribus
773 860 883 922 intenti
916 859 1083 940 armatique
1109 868 1269 935 steterant,
1296 855 1458 952 proeliurn

395 948 515 1010 initum.
558 947 667 1010 Preter
689 949 830 1011 virtutem
852 945 936 1008 loeus
961 965 1080 1027 quoque
1100 944 1235 1027 superior
1257 941 1394 1024 adjuvit,
1414 951 1461 1002 ut

394 1035 458 1118 pila
479 1035 584 1096 omnia
603 1034 755 1117 hastaque
786 1054 859 1112 non,
887 1043 1042 1113 tamquam
1068 1029 1214 1112 ex'aeqno
1234 1029 1340 1106 missa,
1363 1047 1460 1090 vana

396 1120 491 1202 (quod
505 1121 681 1205 plerumque
695 1121 742 1199 lit)
760 1121 915 1198 caderent,
927 1118 983 1181 aed
996 1117 1101 1180 omnia
1124 1121 1152 1156 '⁸
1164 1117 1273 1179 librata
1290 1114 1452 1198 ponderi·

393 1208 449 1269 bus
476 1208 659 1290 figerentur3
681 1208 858 1289 oneratique
883 1206 951 1268 telis
976 1202 1068 1282 Galli,
1097 1204 1204 1285 quibua
1229 1214 1283 1265 aut
1307 1222 1454 1284 corpora

393 1293 548 1378 transfixa,
588 1307 640 1358 aut
679 1305 867 1378 praegravata
904 1291 1117 1354 inherentibus
1152 1289 1300 1373 gerebant
1340 1301 1452 1366 scura,

392 1400 484 1461 quum
511 1403 597 1443 cursu
619 1402 697 1464 pene
713 1382 744 1443 in
760 1381 917 1443 adversum
936 1379 1097 1456 subissent,
1110 1377 1208 1460 primo
1221 1374 1333 1438 incerti
1347 1375 1448 1437 resti·

390 1476 475 1528 tere:
499 1467 580 1546 dein,
595 1481 693 1550 'quum
715 1468 782 1550 ipsa
800 1466 954 1530 cunetatio
973 1464 1066 1526 ethis
1081 1465 1198 1525 aruimus
1212 1462 1387 1540 minuisset,
1410 1473 1448 1522 et

389 1552 522 1616 suxisset
536 1554 628 1631 hosti,
647 1553 755 1636 inpulsi
770 1565 852 1616 retro
870 1572 955 1614 ruere
970 1550 1036 1613 aliis
1047 1570 1137 1633 super
1150 1550 1236 1626 alios,
1249 1552 1446 1634 ’‘stragem-

389 1655 447 1716 que
467 1638 546 1700 inter
567 1661 600 1700 se
621 1641 701 1702 cede
721 1641 787 1722 ipsa
806 1639 964 1702 foediorem
983 1637 1067 1700 dare.
1082 1637 1161 1700 adeo
1180 1634 1329 1719 precipiti
1344 1636 1444 1699 turba

388 1723 494 1786 obtriti
509 1724 620 1806 plures,
635 1745 726 1806 quam
741 1725 822 1786 ferro
835 1725 947 1787 necati.

430 1807 548 1871 XXlV.
583 1807 724 1872 Necdum
761 1823 846 1874 certa
873 1809 1020 1872 Romanis
1047 1809 1177 1872 victoria
1205 1819 1282 1871 erat.
1311 1809 1368 1870 alia
1398 1809 1435 1870 in

388 1915 530 1978 campum
564 1895 711 1978 degressis
746 1907 903 1980 supererat
935 1896 1044 1958 moles.
1100 1894 1240 1978 Namque
1268 1895 1437 1958 mutinen

388 1980 555 2061 Gallorum,
570 2003 690 2045 sensum
706 2003 829 2045 omnem
843 1983 914 2045 talis
928 1981 1032 2045 damni
1046 1981 1241 2064 exsuperans,
1257 1982 1341 2044 velut
1354 2001 1440 2042 noua

388 2083 488 2131 rursus
512 2070 665 2132 exoriente
687 2071 765 2148 acie,
788 2071 941 2152 integrum
963 2068 1092 2131 militem
1116 2069 1257 2130 adversm
1288 2069 1435 2130 victorem

387 2154 509 2219 hostem
524 2155 635 2219 ciebat.
650 2157 795 2238 stetitque
819 2157 977 2239 subpresso
995 2155 1099 2238 inpetu
1120 2154 1292 2231 Romanum
1316 2166 1349 2217 et
1362 2154 1437 2235 quia

387 2241 497 2304 iterum
518 2241 604 2304 fessis
625 2243 781 2305 subeunda
798 2242 954 2305 dimicatio
975 2254 1051 2320 erat,
1072 2252 1104 2304 et
1124 2241 1207 2324 quod
1225 2242 1341 2319 consul,
1360 2241 1435 2303 dum
1557 2264 1558 2269 ¹

387 2327 468 2390 inter
481 2329 628 2411 primores
643 2330 779 2392 incautus
799 2331 906 2411 agitat,
926 2328 998 2390 laevo
1017 2328 1143 2390 humero
1166 2332 1194 2368 ²⁸
1203 2329 1314 2390 matari
1336 2348 1436 2410 prope

388 2412 527 2496 trajecto,
547 2429 679 2478 cesserat
700 2427 860 2499 parumper
881 2436 919 2476 ex
938 2415 1012 2477 acie.
1055 2413 1188 2496 Jamque
1206 2415 1318 2476 omima
1337 2434 1435 2476 cunc·

388 2501 483 2562 tando
498 2501 625 2563 victoria
646 2514 722 2580 erat,
749 2523 842 2584 quum
865 2501 982 2578 consul,
1002 2501 1124 2562 vulnere
1138 2500 1282 2581 adligato,
1296 2511 1435 2562 rerecms

387 2585 428 2646 ad
442 2586 541 2667 prima
553 2585 650 2669 signa,
666 2587 770 2659 ‘Quid
785 2602 858 2666 stas,
870 2588 958 2652 miles
968 2586 991 2648 l’
1006 2588 1115 2670 inquit.
1137 2587 1149 2620 ‘
1157 2585 1227 2649 Nou
1237 2608 1304 2649 cum
1315 2585 1433 2650 Latino
1557 2625 1558 2648 l

387 2670 399 2703 ‘
414 2667 589 2753 Sabinoque
600 2674 688 2736 hoste
703 2696 750 2735 res
765 2686 822 2751 est,
837 2694 928 2755 quem
937 2675 1052 2735 victum
1063 2674 1156 2736 armis
1166 2674 1275 2734 socium
1286 2694 1325 2734 ex
1334 2674 1431 2735 boote

388 2757 398 2791 ‘
412 2754 516 2819 saclas.
539 2755 575 2818 ln
589 2759 704 2821 belluas
718 2760 893 2821 strinximus
907 2759 1031 2820 ferrum.
1044 2760 1230 2835 hauriendus,
1244 2769 1294 2820 sut
1303 2758 1426 2819 dandus

386 2842 397 2875 ‘
412 2854 459 2905 est
474 2843 606 2925 sanguis.
650 2843 827 2927 Propulistis
848 2865 868 2906 a
886 2846 1004 2922 castris,
1018 2845 1162 2928 “supina
1174 2844 1244 2907 mlle
1251 2843 1423 2927 precipites

385 2929 527 3009 ‘egistis,
553 2930 655 2991 stratis
681 2930 857 3014 corporibus
882 2931 1016 2992 hostium
1041 2931 1227 3013 mperstatis.
1263 2928 1428 3012 Complete

385 3014 397 3047 ‘
411 3014 517 3076 eadem
529 3026 629 3097 strage
640 3036 780 3099 campore
797 3037 858 3099 qua
871 3028 991 3078 montes
1001 3017 1151 3099 replestis.
1193 3014 1293 3078 Nolite
1300 3036 1432 3098 exspec-

386 3101 396 3133 ‘
411 3110 488 3180 tare,
499 3100 571 3164 dum
587 3112 703 3164 stantes
713 3124 767 3165 vos
782 3104 912 3182 lirgiant.
922 3102 1082 3166 inferenda
1092 3103 1267 3185 suntsigna,
1276 3104 1433 3165 etvaden-

385 3184 397 3219 ‘
412 3188 483 3249 dum
498 3188 530 3249 in
546 3187 686 3255 hostem!
731 3187 789 3251 His
802 3189 1066 3252 adhortationibus
1081 3189 1191 3251 iterum
1204 3191 1299 3251 coorti
1311 3190 1434 3271 pellunt

386 3270 455 3334 loco
477 3274 590 3357 primos
615 3274 787 3356 manipulos
814 3273 990 3353 Gallorum;
1023 3277 1127 3338 cuneis
1161 3276 1274 3337 deinde
1306 3277 1339 3337 in
1363 3297 1432 3338 me·

388 3358 470 3419 dium
493 3380 603 3440 agmen
623 3372 834 3445 perrumpunt.
891 3359 966 3423 Inde
998 3362 1118 3424 barbari
1149 3361 1297 3444 dissipati,
1322 3362 1433 3443 quibus

385 3462 442 3502 nec
469 3456 553 3505 certa
582 3445 719 3528 imperia,
744 3468 802 3509 nec
827 3447 919 3509 duces
948 3460 1059 3528 essent,
1086 3458 1208 3510 vertrmt
1232 3448 1371 3531 inpetum
1401 3451 1434 3511 in

386 3545 456 3587 suos
468 3548 478 3603 3
501 3526 616 3610 finique
641 3552 695 3613 per
720 3554 856 3617 campos,
880 3544 914 3596 et
935 3546 1043 3617 praeter
1066 3546 1167 3597 casus
1182 3534 1277 3596 etiam
1291 3535 1434 3618 mabrga

386 3611 512 3693 prelati,
529 3616 618 3707 'quod
638 3618 839 3683 editissimum
866 3621 944 3683 inter
972 3622 1100 3704 aequales
1126 3621 1259 3684 tumulos
1288 3622 1432 3684 obcurre-

386 3697 440 3761 bat
454 3699 562 3780 oculis,
577 3722 677 3765 arcem
693 3702 844 3801 Albanam
858 3716 977 3791 petunt
1009 3711 1037 3755 ²7
1046 3706 1172 3788 Consul,
1186 3728 1249 3769 non
1268 3708 1350 3771 ultra
1363 3729 1432 3771 cae-

656 3896 660 3903 .
793 3862 805 3889 ⁸
859 3855 1031 3911 ,Gran-Creu.
1425 3896 1430 3903 .

259 3934 261 3939 ’
420 3863 894 4023 θ’θῃοηωίαυμῆὼηοιῒῴ
925 3961 1435 4076 nodslegirorbneroxw

390 4018 476 4067 vnn.
925 4029 1054 4092 carptores
1092 4026 1234 4077 Telonsuit

419 4080 701 4161 ⁵‘³Ie'llnrtqponderibus]
722 4086 775 4165 Ipso
793 4092 894 4152 pondere
925 4094 1010 4157 prium,
1037 4092 1066 4141 nd
1087 4092 1194 4155 longions
1215 4093 1305 4143 lenm
1325 4093 1434 4170 luun-

391 4147 467 4225 adjuta
485 4159 510 4196 ut
526 4149 787 4229 dannatur-cemus,
803 4167 890 4217 ειμι.
922 4158 978 4207 Vul.
1002 4156 1071 4207 Voss.
1093 4158 1124 4205 de
1147 4158 1213 4208 riri'u
1237 4172 1356 4217 mn,
1374 4157 1392 4208 l.
1412 4173 1435 4209 ι.

390 4210 893 4383 ἓῗῐῗὲιὲῗᾙςᾞῗὶ...ω]
923 4224 1158 4351 ‘'iiiamurn
1182 4286 1437 4341 romane.

392 4353 510 4449 mmm
529 4354 603 4394 neam
627 4361 654 4395 ae
675 4346 765 4397 derobr
785 4364 853 4415 supra
869 4366 895 4402 ss
926 4351 1080 4467 mil&
1162 4418 1237 4483 dm]
1261 4419 1335 4470 Hm
1351 4417 1435 4476 m

421 4461 558 4535 ΗΜ]
581 4472 894 4534 &remeationem
925 4434 1434 4541 manaturum
