3175 5200
232 524 265 575 U.
274 526 304 574 C.
314 525 373 577 ³65.

231 591 263 640 A.
275 591 304 641 C.
313 592 370 643 ³57.

396 356 457 417 aas
810 314 1017 414 rrmtrvn
1049 416 1054 424 ,
1091 353 1133 407 4.

399 513 553 598 prrsgressi
581 510 710 595 equites,
740 484 803 574 non
828 522 933 594 portas
956 494 1086 591 cladsns,
1110 532 1173 577 non
1199 516 1368 579 stationem
1392 538 1445 601 pro

400 602 494 685 portis
522 602 682 677 excubare,
711 619 773 661 non
804 610 937 661 armatos
962 620 1028 661 esse
1057 601 1089 661 in
1117 602 1224 681 muris,
1254 603 1428 667 retulissent
1435 630 1445 685 3

377 688 483 749 -aliud
513 687 606 769 priori
642 685 740 747 simile
773 686 953 748 miraculum
983 707 1035 747 eos
1070 688 1234 767 sustinuit3
1263 701 1444 773 noctemque

399 775 484 837 veriti
505 788 538 835 et
557 774 668 854 ignotae
695 772 785 835 situm
809 773 902 851 urbis,
924 773 1003 834 inter
1026 771 1159 836 Romam
1182 788 1275 857 atque
1297 775 1444 841 Anienem

400 860 574 939 consedere,
594 860 836 941 exploratoribus
858 860 957 921 missis
978 860 1062 922 circa
1082 862 1198 924 moenia
1218 863 1353 945 aliasque
1375 886 1444 947 por·

401 959 460 1026 tas,
476 966 614 1028 quaenam
627 946 763 1009 hostibus
778 947 810 1007 in
825 946 947 1029 perdita
959 947 1131 1010 reconsilia
1141 960 1255 1011 essent.
1300 950 1442 1031 Romani,

400 1054 494 1116 quum
518 1053 588 1116 pars
608 1033 705 1117 major
732 1053 772 1095 ex
794 1033 861 1095 acie
879 1032 972 1094 Veios
991 1033 1150 1115 petissere,
1165 1032 1264 1097 ‘nemo
1289 1058 1444 1119 superesse

401 1140 584 1204 quemquam
613 1132 721 1205 praeter
749 1141 813 1198 eos,
840 1120 891 1206 qui
918 1118 1050 1181 Romam
1081 1121 1264 1203 refugerant,
1296 1124 1443 1203 crederet,

401 1208 582 1290 complorati
595 1228 712 1287 omnes,
733 1207 847 1289 pariter
859 1207 919 1267 rivi
933 1208 1116 1289 mortuique,
1138 1219 1238 1271 totam
1251 1230 1340 1293 prope
1354 1214 1380 1250 ⁸¹
1389 1231 1442 1273 ur·

400 1296 472 1359 bem
498 1295 639 1357 lamentis
660 1294 861 1377 inplevenmt.
915 1291 1051 1356 Privatos
1076 1294 1188 1357 deinde
1214 1295 1311 1359 luctus
1337 1308 1442 1381 stupe-

322 1410 324 1415 ’
400 1383 474 1445 fecit
488 1382 625 1465 publicus
640 1401 743 1463 pavor,
758 1392 919 1464 postquam
941 1381 1046 1442 hostes
1070 1380 1177 1443 adesse
1196 1383 1372 1445 nunciatum
1386 1394 1444 1446 est.

219 2715 222 2721 ·
231 2690 369 2754 Capitolium

232 2756 336 2805 militaris

227 2824 338 2885 jurentur

228 2899 332 2951 «capt.

400 1490 474 1532 mox
485 1470 616 1531 ululatus
625 1480 792 1550 cantusque
806 1468 956 1544 dissonos,
965 1466 1146 1549 vagantibus
1161 1468 1244 1531 circa
1257 1470 1370 1531 moenia
1379 1481 1442 1532 tur-

401 1557 510 1619 matim
521 1557 668 1635 barbaris,
683 1556 855 1617 audiebant.
895 1553 996 1616 Omne
1011 1554 1085 1616 inde
1096 1565 1217 1638 tempus
1228 1576 1391 1638 suspensos
1401 1558 1445 1620 ita

401 1644 500 1705 tenuit
515 1643 634 1720 animos
649 1662 742 1724 usque
762 1643 804 1703 ad
825 1642 923 1702 lucem
939 1641 1077 1720 alteram,
1096 1652 1131 1703 ut
1149 1642 1322 1705 itemtidem
1330 1643 1398 1731 jam
1412 1645 1442 1705 in

400 1730 504 1792 urbem
520 1729 635 1791 futurus
646 1730 798 1792 videretur
813 1728 935 1811 inpetus
956 1730 1088 1810 ”primo
1101 1728 1241 1807 adventu,
1265 1750 1326 1810 quo
1337 1751 1445 1792 acces-

400 1828 502 1877 serant
516 1816 556 1877 ad
570 1816 687 1879 urbem.
703 1836 860 1878 mansuros
880 1814 963 1876 enim
986 1814 1027 1876 ad
1048 1814 1158 1877 Alliam
1176 1815 1278 1893 firhse,
1299 1816 1357 1877 nisi
1378 1816 1442 1878 hoc

399 1903 518 1964 consilii
534 1902 621 1965 foret.
665 1900 785 1964 Deinde
801 1903 857 1963 sub
872 1902 1019 1963 obcasum
1032 1902 1112 1979 solis,
1127 1902 1198 1983 quia
1214 1900 1297 1963 haud
1308 1903 1442 1965 multum

399 1989 459 2049 diei
474 2001 639 2071 supererat,
654 2002 725 2051 ante
737 2000 860 2053 noctem
870 1989 929 2051 rati
939 2010 972 2050 se
986 1989 1137 2050 invasuros
1150 2010 1159 2066 3
1182 2000 1248 2050 turn
1268 1989 1302 2049 in
1314 2000 1441 2051 noctem

399 2074 527 2137 dilatum
542 2076 701 2138 consilium
717 2097 793 2154 esse,
809 2096 870 2157 quo
881 2075 949 2157 plus
959 2076 1078 2158 pavoris
1092 2074 1246 2137 inferrent.
1282 2074 1442 2151 Postremo

398 2160 449 2225 lux
476 2163 722 2245 adpropinquans
748 2163 942 2224 exanimare:
977 2163 1139 2243 timorique
1166 2172 1313 2244 perpetuo
1341 2163 1443 2245 ipsum

398 2248 512 2310 malum
528 2250 722 2312 ⁵⁸continens
738 2249 806 2328 fuit,
821 2270 913 2331 quum
925 2249 1014 2331 signa
1027 2248 1140 2311 infesta
1149 2249 1247 2332 portis
1258 2258 1331 2309 sunt
1339 2249 1443 2311 inlata.

397 2332 600 2418 Nequaquam
616 2348 719 2399 tamen
734 2358 772 2398 ea
793 2348 894 2415 nocte,
909 2356 1006 2417 neque
1021 2334 1192 2417 insequenti
1209 2335 1264 2396 die.
1273 2335 1380 2397 similis
1391 2336 1444 2414 illi,

398 2442 464 2502 qum
473 2424 513 2484 ad
522 2423 635 2485 Alliam
651 2434 714 2485 tam
723 2423 830 2506 pavide
846 2422 975 2504 fugerat,
991 2422 1131 2484 “civitas
1142 2422 1210 2483 fuit.
1255 2421 1337 2483 Nam
1351 2444 1444 2504 quum

397 2507 519 2571 defendi
535 2510 641 2571 urbem
657 2530 756 2591 posse,
771 2522 835 2571 tarn
847 2530 940 2591 parva
947 2509 1054 2571 relicta
1063 2529 1167 2586 manu,
1182 2530 1253 2592 spes
1262 2508 1347 2571 nulla
1354 2520 1443 2585 esset,

397 2594 523 2675 placuit,
539 2617 608 2658 curn
623 2594 804 2677 conjugibus
816 2619 852 2658 ac
863 2596 964 2659 liberis
974 2594 1167 2678 juventutem
1179 2595 1343 2658 militarem
1354 2617 1444 2658 sena⁴

397 2693 506 2763 tuaque
521 2683 612 2744 robur
631 2683 662 2744 in
683 2703 783 2745 arcem
801 2682 1048 2765 Capitoliumque
1063 2684 1265 2759 concedere‘3
1288 2684 1444 2764 armisque

397 2780 431 2830 et
445 2767 596 2831 frumento
613 2769 753 2847 conlatis,
769 2791 809 2830 ex
823 2769 892 2831 loco
915 2770 986 2832 inde
1006 2770 1126 2832 munito
1144 2767 1226 2830 Deos
1241 2769 1444 2850 hominesque

396 2866 429 2918 et
454 2853 627 2916 Romanum
650 2876 763 2918 nomen
789 2855 961 2920 defendere.
985 2855 1185 2918 ⁵⁵l'llaminem
1205 2855 1441 2936 sacerdotesque

396 2937 536 3004 Vestales
551 2962 638 3004 sacra
653 2943 776 3024 publica
795 2964 816 3004 a
834 2943 928 3020 caede,
955 2944 994 3004 ab
1014 2942 1160 3005 incendiis
1180 2943 1283 3025 procul
1300 2941 1442 3005 auferre:

394 3049 452 3092 nec
474 3041 545 3092 ante
568 3029 664 3091 deseri
686 3029 803 3092 cultum
824 3050 941 3108 eorum,
966 3050 1056 3111 quam
1083 3050 1146 3091 non
1167 3039 1368 3111 superessent,
1390 3029 1445 3110 qui

392 3117 538 3180 colerent.
583 3114 616 3179 Si
641 3137 694 3178 arx
719 3115 976 3200 Capitoliumque,
999 3117 1087 3178 sedes
1107 3115 1252 3193 Deorum,
1266 3116 1293 3176 si
1307 3127 1444 3194 senatus,

391 3217 487 3287 caput
509 3203 622 3286 publici
644 3203 774 3280 consilii,
795 3204 821 3264 si
843 3203 982 3264 militaris
999 3202 1143 3285 juventus
1157 3203 1339 3285 superfuerit
1350 3203 1443 3264 inmi-

390 3291 476 3353 nenti
501 3291 593 3352 nrinae
614 3290 707 3366 urbis,
734 3290 858 3352 facilem
875 3288 1029 3371 jacturam
1052 3311 1118 3352 esse
1140 3290 1306 3366 seniorum,
1330 3288 1443 3351 relictae

390 3377 420 3439 in
436 3378 510 3438 urbe
525 3379 630 3457 utique
646 3377 785 3460 periturae
806 3378 911 3440 turbae.
933 3389 976 3454 et,
998 3396 1059 3457 quo
1079 3377 1111 3438 id
1133 3377 1263 3456 aequiore
1284 3375 1388 3437 auimo
1403 3377 1443 3438 de

388 3463 476 3544 plebe
499 3463 665 3525 multitudo
687 3463 789 3542 ferret,
809 3483 897 3525 senes
918 3463 1118 3545 triumphales
1141 3462 1376 3544 consularesque
1398 3462 1441 3523 si·
1519 3497 1525 3508 ·

516 3667 794 3732 «altimontem.
916 3669 1313 3721 emmeramensem.

420 3861 441 3894 ⁵¹
454 3858 470 3889 ⁹
485 3857 837 3926 Urbenrlnmeatirirnplrremat]
848 3859 899 3909 De·
931 3875 983 3909 eam
995 3858 1203 3923 interpunctionem
1221 3860 1302 3917 habet,
1320 3873 1389 3922 quem
1404 3871 1444 3906 ee·

388 3925 471 3975 demut
491 3941 581 3975 cauum
599 3925 717 3984 lumentis,
743 3925 827 3988 quibus
846 3925 900 3974 urbe
931 3924 979 3974 ruti
995 3941 1082 3974 rumen.

388 3991 481 4054 impleta
493 4005 535 4041 eet·
817 4019 826 4027 —
963 3990 984 4024 ⁵⁶
997 3991 1012 4019 ⁴
1025 3989 1154 4053 Continent]
1177 3989 1233 4038 Sine
1252 3989 1301 4039 ullo
1321 3985 1445 4038 intemsso

422 4057 444 4091 ⁵2
466 4055 543 4106 Primo
568 4056 676 4120 adnata]
704 4054 788 4119 supple
810 4071 838 4105 er
860 4069 897 4104 ee·
931 4058 1092 4120 conjunctum.

390 4122 581 4183 quentibrn,rati
598 4132 652 4169 runt
665 4123 817 4169 usitamus.
851 4121 899 4169 Hir
962 4121 1011 4154 Μ·
1024 4119 1118 4184 Civitas]
1141 4119 1222 4182 Cives,
1241 4120 1349 4170 Romani.
1381 4119 1447 4168 Sen-

391 4187 482 4233 ioribus
501 4188 571 4247 primo
593 4186 840 4236 adserta....deirrde
860 4187 900 4233 neb
930 4199 969 4232 aue
992 4199 1037 4242 ert,
1062 4186 1178 4234 Romanor
1196 4201 1224 4232 ea
1243 4201 1312 4236 nocte
1334 4198 1359 4235 et
1380 4185 1447 4233 inae·

392 4265 489 4296 comeum
499 4253 841 4311 ulis·...tnm...purtremo‚
858 4252 900 4299 de·
933 4253 1015 4311 quemi
1033 4251 1073 4299 die
1091 4251 1232 4312 lanpedius
1254 4267 1280 4300 re
1302 4251 1450 4317 pueritiae.

393 4315 512 4372 signantur
540 4329 637 4377 quatuor
664 4315 726 4364 velut
759 4316 840 4378 gradus
874 4329 900 4364 ec
933 4329 1003 4377 quern
1026 4317 1120 4365 suerent
1140 4317 1168 4364 ad
1190 4315 1285 4375 Alliam,
1311 4319 1374 4365 unde
1394 4328 1448 4364 tam

394 4389 523 4439 temporum
533 4381 673 4440 discrimina,
684 4382 766 4445 quibua
777 4381 902 4446 explicatur
933 4382 1012 4444 pavide
1023 4381 1138 4442 superant.

394 4441 425 4491 rb
445 4443 570 4492 ilentidm.
603 4447 682 4510 liujus
702 4447 747 4496 loci
765 4447 789 4494 in
807 4447 902 4508 irrigetis
965 4445 987 4478 ⁵⁵
1004 4445 1139 4511 Firmium]
1159 4445 1315 4511 Quirinalem,
1333 4459 1361 4500 ut
1379 4457 1451 4514 patet

394 4507 725 4562 murmordmmuavinou
736 4523 778 4562 eet.
797 4513 901 4566 Andrean
932 4513 1118 4578 exaequati.
1206 4513 1210 4520 '
1384 4520 1388 4527 '
