3175 5200
498 371 577 432 ma.
596 371 637 432 X.
657 373 740 433 cnt’.
758 371 870 435 xtvt
1146 380 1208 436 005

160 527 173 562 ‘
188 547 265 605 nrm,
278 547 318 590 ne
333 527 434 592 socius
447 527 518 592 fidei
529 551 591 592 suas
602 529 763 614 paeniteret
776 551 785 591 s
808 526 1006 592 Etnrsoonrm
1016 549 1113 613 prope
1123 527 1210 593 diem
1217 542 1289 594 mc.
1297 543 1357 596 459.

157 613 173 676 .‘
188 613 328 677 eamdem
343 615 508 694 fortunam,
517 637 608 698 quarn
621 613 817 694 Samnitium,
829 611 916 677 fore!
949 612 1079 697 Segnius
1090 624 1206 695 tamen,
1215 611 1250 660 A.
1259 609 1290 662 ⁰·
1299 609 1358 662 Ν

161 700 245 782 quod
259 701 300 762 ad
314 699 466 764 Etruriam
483 702 654 781 adtinebat,
676 714 748 786 aqta
761 723 810 764 res
824 713 916 780 esset,
930 701 963 763 ni
979 699 1113 764 Faliscos
1127 723 1207 786 quo-

161 805 230 870 que,
245 787 296 871 qui
310 803 365 871 per
380 787 493 851 multos
509 809 605 852 annos
620 789 652 851 in
667 788 804 852 amicitia
818 787 950 866 fuerant,
965 787 1101 851 adlatum
1116 789 1208 867 foret,

42 903 46 944 r
162 893 250 936 anna
275 873 409 936 Etmscis
430 872 579 958 junxisse.
623 873 720 960 Hujus
750 874 965 960 propinquitas
989 874 1094 957 populi
1124 876 1209 938 acuit

162 978 266 1022 curam
296 957 446 1039 Patribus,
476 974 511 1024 ut
536 961 660 1024 feciales
682 962 850 1024 mittendus
880 960 921 1023 ad
949 981 997 1023 res
1027 960 1207 1043 repetendas

162 1059 333 1110 censerent.
355 1047 463 1128 quibus
478 1069 540 1110 non
555 1047 692 1128 redditis,
719 1069 757 1112 ex
778 1047 962 1112 auctoritate
977 1045 1102 1110 Patmm
1119 1044 1208 1129 jussu

163 1131 268 1216 populi
283 1132 396 1196 bellum
412 1132 542 1197 Faliscis
559 1134 709 1197 indictum
734 1146 804 1196 est:
822 1132 958 1216 jussique
984 1133 1123 1196 consules
1142 1154 1210 1195 sor·

163 1217 225 1295 tiri,
251 1230 319 1280 uter
345 1241 383 1282 ex
408 1218 534 1282 Samnio
559 1220 591 1282 in
617 1219 771 1283 Etruriam
797 1242 868 1282 curn
894 1221 1030 1284 exercitu
1056 1219 1212 1284 transiret.

162 1301 237 1366 lam
262 1303 409 1367 Carvilius
436 1303 598 1386 Volsnarn,
622 1320 655 1370 et
680 1306 904 1385 Palumbinum,
929 1318 963 1369 et
986 1305 1213 1368 Herculaneum

164 1411 203 1452 ex
218 1389 407 1453 Samnitibus
422 1403 562 1474 ceperat:
586 1389 738 1455 Volanam
753 1393 836 1454 intra
850 1414 963 1475 paucos
990 1393 1067 1469 dies,
1090 1390 1215 1457 Palma·

164 1477 271 1542 binum
298 1477 418 1556 eodem,
448 1499 508 1560 quo
535 1477 574 1540 ad
600 1499 703 1540 murus
725 1478 865 1542 accessit.
908 1478 960 1541 Ad
988 1475 1215 1543 Herculaneum

166 1563 214 1626 bis
229 1563 324 1626 etiam
339 1565 434 1646 siguis
449 1563 578 1627 conlatis
598 1565 725 1648 ancipiti
741 1563 862 1648 proelio,
888 1576 921 1627 et
936 1585 1006 1627 curn
1020 1563 1137 1648 majore
1150 1586 1219 1644 sua,

167 1668 259 1732 quam
283 1649 431 1729 hostium,
456 1649 578 1734 jactura
606 1651 774 1714 dimicavit.
817 1649 933 1714 Castris
961 1651 1073 1714 deinde
1098 1653 1218 1734 positis,

167 1737 320 1800 moenibus
344 1737 466 1800 hostem
494 1737 630 1800 inclusit.
659 1738 868 1820 obpugnatum
897 1736 1045 1818 oppidum
1074 1750 1219 1820 captum·

169 1842 238 1902 que.
283 1821 319 1886 ln
335 1823 382 1886 bis
398 1823 494 1886 tribus
509 1823 633 1884 urbibus
647 1831 740 1904 capta
754 1833 809 1884 aut
824 1841 902 1884 ensa
914 1824 941 1868 ⁷⁸
951 1821 991 1884 ad
1002 1822 1108 1884 decem
1121 1822 1220 1886 millia

169 1907 349 1970 bominum:
374 1907 418 1972 ita
443 1917 479 1972 ut
501 1928 594 1990 parvo
609 1907 775 1970 admodum
791 1906 893 1988 plures
908 1918 1099 1989 caperentur.
1142 1905 1218 1970 Sor·

169 1993 315 2056 ticutibus
339 1992 509 2075 provincias
535 1993 718 2070 consulibus,
741 1989 867 2056 Etruria
892 1990 1024 2071 Carvilio
1046 1992 1148 2056 evenit
1167 2014 1218 2055 se·

169 2077 305 2142 cundum
318 2091 391 2142 vota
413 2078 556 2158 militum,
578 2079 630 2161 qui
655 2079 718 2142 vim
743 2077 865 2160 frigoris
882 2075 948 2162 jam
965 2079 997 2140 in
1012 2075 1140 2141 Samnio
1153 2101 1219 2142 non

168 2164 373 2246 patiebantur.
416 2163 539 2248 Papirio
554 2164 593 2227 ad
611 2163 764 2247 Sapinum
786 2163 886 2249 major
909 2165 953 2228 vis
978 2163 1115 2228 bostium
1128 2168 1218 2229 resti-

168 2249 217 2312 tit.
231 2272 309 2334 sepe
325 2252 356 2314 in
375 2252 453 2332 acie,
476 2273 556 2337 saepe
578 2253 610 2316 in
637 2253 771 2336 agmine,
798 2273 876 2334 sape
900 2251 983 2314 circa
997 2252 1096 2334 ipsam
1109 2253 1219 2317 urbem
1329 2274 1333 2284 ·

168 2336 310 2400 adversus
339 2338 516 2421 eruptiones
545 2338 680 2402 hostium
707 2350 898 2422 pugnatum:
920 2341 946 2385 ⁷⁸
959 2359 1058 2420 neque
1085 2339 1220 2418 obsidio,

167 2443 268 2506 neque
282 2423 395 2487 bellum
412 2446 451 2486 ex
466 2445 551 2508 aquo
566 2437 653 2489 erat:
677 2447 737 2488 non
754 2426 837 2488 enim
854 2426 946 2488 muris
961 2426 1060 2508 magis
1079 2447 1112 2488 se
1126 2423 1218 2488 Sam*
1352 2494 1356 2504 ,

166 2511 258 2590 nites,
285 2531 377 2592 quarn
404 2512 495 2576 armis
521 2533 559 2575 ac
587 2513 657 2576 viris
688 2513 813 2590 muenia,
839 2513 1028 2575 tutabantur.
1058 2511 1211 2588 ⁴'l'andcm
1295 2510 1300 2521 ’
1348 2511 1352 2519 ’

162 2597 328 2680 pugnando
350 2598 381 2662 in
400 2601 591 2664 obsidionem
610 2598 725 2683 justam
750 2599 854 2682 coegit
877 2601 1001 2663 hostesz
1024 2599 1210 2665 obsidendo-

162 2702 222 2765 que
244 2687 274 2747 vi
300 2698 394 2769 atque
407 2687 548 2772 operibus
568 2688 675 2751 urbem
695 2686 892 2771 expugnavit.
907 2687 1010 2769 itaque
1026 2688 1066 2749 ab
1081 2686 1129 2751 ira
1141 2687 1211 2770 plus

161 2770 252 2835 caedis
267 2772 395 2852 editum,
415 2786 507 2857 capta
521 2774 614 2837 urbe:
637 2786 754 2857 septem
776 2773 873 2837 millia
887 2772 1103 2854 quadringenti
1117 2774 1208 2837 cresi:

160 2868 255 2940 capta
279 2860 379 2921 minus
404 2860 464 2922 tria
492 2860 588 2923 millia
618 2860 795 2923 bominum:
832 2858 945 2941 prada,
980 2879 1046 2941 quae
1076 2858 1211 2940 plurima

159 2942 230 3019 tuit,
244 2944 396 3024 congestis
413 2942 597 3005 Samnitium
619 2946 708 3007 rebus
722 2946 754 3006 in
769 2945 858 3007 urbes
877 2964 1002 3026 paucas,
1027 2945 1117 3005 militi
1132 2965 1213 3009 con·
1278 2948 1284 2959 ’
1345 2960 1350 2970 ·

162 3044 247 3089 cessa
261 3039 319 3090 cst.
1245 3054 1249 3061 ·
1346 3034 1351 3043 '

204 3108 318 3173 XLVI.
340 3108 433 3173 Nives
456 3108 522 3192 jam
549 3114 654 3175 ornnia
683 3111 890 3195 oppleverant,
914 3134 972 3176 nee
998 3114 1099 3178 durari
1121 3126 1360 3201 extremam.

161 3206 245 3259 tecta
259 3208 402 3282 poterat3
426 3196 529 3279 itaque
544 3196 649 3261 consul
665 3199 831 3260 exercitum
859 3198 898 3259 de
920 3196 1047 3261 Samnio
1069 3200 1207 3265 deduxit.
1219 3202 1329 3269 nuptus.

160 3280 304 3347 Venienti
331 3280 464 3345 Romam
490 3282 660 3367 triumphus
685 3284 822 3346 omniurn
842 3304 994 3347 consensu
1013 3296 1062 3347 est
1078 3286 1207 3352 delatus.

162 3368 361 3453 triumphavit
392 3369 424 3431 in
453 3370 644 3451 magistratu,
666 3370 788 3453 insigni,
819 3381 854 3431 ut
882 3370 1004 3433 illorum
1033 3383 1208 3457 temporum

161 3454 282 3517 babitus
308 3466 383 3534 erat,
414 3456 579 3541 triumpho.
624 3454 744 3519 Pedites
771 3456 949 3541 equitesque
962 3458 1098 3541 insignes
1118 3460 1209 3533 donis

161 3542 188 3582 ⁸⁰
200 3540 357 3621 transiere,
387 3564 422 3605 ac
454 3542 616 3607 transvecti
647 3554 738 3607 sunt:
775 3543 879 3607 multae
907 3544 931 3582 ⁸¹
944 3544 1045 3607 civica
1074 3568 1208 3629 corone,

159 3626 359 3711 vallaresque,
378 3650 414 3691 ac
437 3628 567 3693 murales
588 3642 768 3714 conspecte.
813 3628 989 3715 inspectata
1003 3631 1103 3716 spolia
1115 3630 1208 3697 Sam·

192 3850 667 3917 ”mennatum-qne·
732 3852 757 3887 ⁸⁰
788 3850 903 3901 Τηνία
929 3869 959 3902 uc
993 3854 1111 3901 mamert
1145 3852 1212 3920 unt]

158 3928 194 3967 en
213 3919 238 3967 in
258 3918 396 3969 sdiuouibus
416 3917 667 3981 Groomirnirrlud,
701 3916 1209 3982 Tmaimpedites,trmsmetisrmtequ‘i·

159 3982 318 4048 motuldnbio
378 3984 488 4033 mennam
498 3998 629 4048 operarum.
699 3992 744 4031 ter.

158 4048 215 4109 *⁷⁹
231 4000 579 4115 multimammiam]
599 4048 665 4097 Mul-
730 4047 752 4085 ⁸¹
773 4046 854 4097 Civica
867 4044 1209 4124 congaudeamusque-rr.

158 4124 210 4162 tum
226 4112 369 4192 piscesque
392 4116 416 4163 in
437 4130 485 4163 uno
504 4112 591 4191 coine,
605 4124 666 4163 teste
696 4108 763 4177 relus]
782 4112 823 4161 De
837 4112 906 4162 civice
923 4124 948 4160 et
963 4110 1047 4191 mamb
1060 4124 1144 4159 corona
1157 4112 1207 4192 sid.

159 4309 207 4357 lun
234 4324 261 4357 ee
285 4326 346 4375 equo
366 4322 403 4359 est
428 4310 484 4359 illud
508 4309 568 4372 quod
588 4318 668 4372 apertu
698 4321 769 4367 teror,
784 4308 824 4372 qui
838 4308 927 4373 primur
941 4307 1132 4385 bostiumterqtra
1147 4322 1205 4383 pop:

158 4387 249 4437 camp,
275 4386 299 4423 et
333 4376 444 4426 aarum·
472 4374 587 4441 utrimque
619 4374 667 4423 sris
697 4388 754 4423 nam
765 4373 891 4422 mtroienr.
918 4372 1207 4435 Bscornrrrnngnevdls

157 4438 253 4501 gerum.
286 4438 356 4493 lime
373 4441 497 4493 lecdmrn
512 4440 669 4507 firmantque
697 4438 802 4487 irruebat
835 4436 1108 4491 nea-dommum.
1141 4436 1207 4489 ileo

157 4514 295 4571 sequuntur.
698 4502 921 4557 Gellirubv.c.6.
1174 4507 1179 4517 “
