3175 5200
220 504 254 555 U.
286 500 359 555 .27?·

218 573 250 624 A.
260 569 289 625 0.
299 568 356 621 474.

388 364 445 427 140
805 354 891 417 'tm
909 351 1011 417 Ltvtt

387 504 690 573 haema-felicitare
704 524 813 587 pugnae
834 502 932 580 ferox,
956 499 1054 585 megia
1078 513 1192 582 tamem
1218 504 1300 585 quod
1323 503 1428 592 inopis

387 595 541 675 frumenti,
561 591 696 677 quamvis
720 590 752 651 in
776 588 953 674 praecipitia,
979 589 1050 651 durn
1065 588 1211 651 celeriora
1225 604 1337 671 essent,
1352 615 1424 677 age-

385 682 439 747 bat
470 681 607 757 consilia,
636 692 750 739 temere
775 676 901 737 adverso
929 674 1071 738 Juniculo
1101 675 1140 736 ad
1164 688 1266 739 castra
1291 679 1425 743 hostiurn

384 769 488 847 aciem¹
507 766 614 843 erexit,
638 762 806 843 foediusque
830 760 901 823 inde
925 762 1038 845 pulsus,
1063 781 1154 844 quam
1178 764 1275 845 pridie
1297 766 1423 848 pepule-

384 866 443 933 rat,
458 854 628 915 interventu
643 848 766 929 collegae
781 852 808 888 θ’
818 848 883 929 ipse
897 848 1105 929 exercitusque
1127 847 1193 931 ejus
1217 861 1265 911 est
1278 846 1424 915 servatus.

384 940 463 1001 inter
478 938 552 1001 duas
567 936 646 997 acies
660 934 790 1011 Etrusci,
816 955 907 1015 quum
923 934 954 996 in
968 935 1065 998 vicem
1090 934 1138 995 his
1154 946 1246 1017 atque
1261 936 1320 999 illis
1336 949 1423 1020 terga

384 1024 502 1103 darent,
532 1021 690 1085 occidione
714 1019 817 1084 occisi.
861 1018 909 1083 Ita
932 1022 1107 1105 obpressum
1138 1024 1311 1086 temeritate
1341 1023 1422 1089 felici

382 1107 495 1171 Veiens
510 1108 634 1170 bellurn.
1146 1168 1151 1175 ,

425 1192 493 1257 LII.
516 1192 679 1257 Urbicum
698 1215 775 1277 pace
800 1194 898 1257 laxior
921 1193 1015 1256 etiam
1040 1214 1163 1256 annona
1186 1197 1285 1276 rediit,
1309 1209 1342 1260 et
1365 1198 1421 1259 ad-

381 1293 469 1345 vecto
485 1302 524 1343 ex
539 1280 708 1364 Campania
726 1280 888 1361 frumento,
913 1290 954 1359 et,
978 1284 1141 1363 postquam
1159 1281 1250 1344 timor
1274 1283 1330 1344 sibi
1356 1283 1421 1347 eui⁴

382 1388 441 1449 que
465 1364 570 1429 futurae
594 1367 703 1449 inopiae
726 1367 812 1446 abiit,
836 1388 884 1445 eo,
909 1366 992 1447 quod
1015 1366 1154 1428 abditum
1168 1367 1276 1447 luerat,
1291 1371 1421 1450 prolato.

381 1451 430 1515 Ex
445 1454 535 1537 copia
549 1453 659 1515 deinde
678 1453 802 1534 otioque
826 1452 963 1516 lascivire
987 1474 1087 1515 rursus
1112 1452 1205 1515 animi
1215 1476 1225 1532 3
1249 1464 1281 1515 et
1296 1455 1423 1538 pristina

382 1540 473 1618 mala,
496 1550 659 1623 postquem
682 1538 755 1601 loris
779 1538 915 1616 deerant,
946 1538 1030 1601 domi
1055 1560 1196 1620 quaercre.
1220 1540 1332 1602 tribuni
1356 1540 1422 1623 ple-

381 1626 453 1687 bem
467 1626 584 1706 agitare
599 1647 653 1687 suo
668 1646 795 1704 veneno,
810 1626 930 1707 agraria
944 1624 1033 1706 lege3
1058 1626 1089 1686 in
1105 1626 1278 1689 resistentes
1294 1627 1421 1689 incitare

382 1709 498 1791 Patres,
523 1733 580 1773 nec
601 1712 632 1773 in
652 1710 805 1774 universos
819 1711 925 1787 modo,
950 1712 1006 1773 sed
1020 1712 1052 1773 in
1066 1711 1212 1792 singulos.
1257 1712 1295 1782 Q.
1311 1711 1421 1774 Consi-

383 1796 449 1859 dius
474 1807 506 1858 et
531 1794 570 1859 T.
593 1794 757 1875 Genucius,
780 1810 919 1859 auctores
944 1796 1068 1878 agraria
1090 1796 1176 1877 legis,
1209 1796 1248 1859 T.
1272 1794 1420 1861 Menenio

382 1882 464 1945 diem
494 1881 609 1945 dicunt.
638 1881 758 1943 invidiae
787 1893 852 1943 crat
885 1882 1028 1943 amissum
1058 1879 1208 1944 Cremera
1236 1883 1419 1965 presidium,

382 1989 475 2049 quum
491 1968 573 2029 haud
588 1969 692 2051 procul
709 1966 779 2029 inde
794 1967 906 2029 stativa
921 1968 1026 2029 consul
1041 1967 1207 2030 habuisset.
1238 1967 1347 2031 “Eum
1362 1971 1419 2032 ob·

381 2066 555 2135 presserunt
563 2064 584 2115 ⁸.
629 2053 729 2124 Quum
746 2065 778 2115 et
792 2052 896 2115 Patres
918 2053 1001 2115 haud
1020 2053 1129 2131 minus,
1149 2075 1239 2135 quam
1258 2076 1314 2137 pro
1330 2054 1418 2118 Cori-

382 2140 484 2216 olano,
509 2138 607 2202 adnisi
628 2150 741 2217 essent,
765 2150 798 2203 et
814 2140 909 2222 patris
924 2138 1067 2222 Agrippae
1081 2138 1166 2201 favor
1181 2140 1262 2203 haud
1278 2141 1349 2203 dum
1365 2163 1419 2205 ex-

283 2264 285 2271 ·
382 2225 523 2288 oleviaset
531 2248 542 2305 ;
563 2227 595 2288 in
611 2225 707 2289 multa
721 2236 929 2309 temperarunt
943 2225 1066 2297 tribuni.
1089 2229 1116 2265 ⁹⁵
1128 2246 1220 2307 quum
1242 2226 1350 2310 capitis
1365 2232 1421 2289 an-

219 2604 253 2653 U.
264 2601 357 2652 Mili.

219 2669 251 2718 A·
261 2667 289 2714 C.
301 2667 355 2715 ⁴7³.

220 2735 249 2782 C.
261 2731 358 2792 Nautio,

220 2795 249 2844 1‘.
260 2797 351 2846 Valerio

71 2857 137 2923 ⁹,
219 2860 286 2914 cm.

383 2311 555 2393 quisissent,
575 2315 601 2351 ⁹⁶
613 2312 673 2375 duo
692 2311 789 2374 millia
813 2312 877 2374 aeria
901 2311 1048 2374 damnato
1068 2314 1094 2357 ⁹⁷
1105 2312 1232 2375 multam
1257 2312 1422 2376 dixemnu.

382 2398 456 2459 ”ea
478 2398 510 2459 in
531 2410 622 2480 caput
635 2399 736 2461 vertit.
780 2396 905 2479 Negant
927 2398 1031 2459 tulisse
1056 2398 1256 2479 ignominiam
1270 2399 1421 2481 aegritudi-

383 2503 533 2564 nemque:
558 2484 629 2545 inde
654 2484 760 2545 morbo
790 2484 963 2546 absumtum
987 2505 1063 2545 esse.
1106 2484 1192 2545 Alius
1223 2485 1332 2547 deinde
1357 2508 1424 2547 reus

385 2566 439 2652 Sp.
454 2566 606 2648 Servilius,
636 2580 672 2631 ut
695 2569 853 2632 consulatu
877 2569 964 2646 abiit,
988 2567 1025 2631 C.
1035 2568 1160 2633 ›Nautio
1189 2581 1221 2633 et
1249 2570 1283 2634 P.
1301 2568 1423 2634 Valerio

385 2655 567 2732 consulibus,
597 2655 685 2717 initio
707 2655 809 2716 statim
834 2655 917 2732 anni,
942 2655 980 2715 ab
1003 2653 1040 2717 1..
1056 2653 1189 2718 Caedicio
1214 2669 1246 2718 et
1269 2654 1307 2720 Τ.
1324 2656 1424 2721 Statio

385 2738 512 2804 tribunis
528 2741 577 2802 die
595 2741 688 2819 dicta,
712 2761 786 2820 non,
810 2753 844 2803 ut
867 2739 1040 2818 Menenius,
1065 2740 1203 2823 precibus
1218 2743 1279 2804 suis
1295 2756 1349 2806 aut
1365 2743 1423 2806 Pa-

385 2839 475 2906 trum,
494 2825 548 2889 sed
568 2848 637 2889 oum
657 2827 753 2888 multa
775 2826 888 2889 fiducia
907 2826 1088 2888 innocentiae
1102 2829 1128 2865 ⁹⁹
1138 2828 1312 2908 gratiaque,
1328 2832 1424 2893 tribu·

385 2914 480 2977 nicios
496 2914 616 2995 inpetus
631 2911 709 2984 tulit.
752 2911 794 2974 Et
818 2913 888 2974 huic
912 2913 1051 2995 proelium
1075 2933 1145 2998 pum
1159 2911 1266 2975 Tuscis
1281 2914 1321 2976 ad
1334 2915 1424 2977 Jani-

385 3000 485 3064 culum
500 3012 567 3062 erat
582 2999 710 3062 crimini.
730 2999 784 3060 sed
800 2997 907 3060 fervidi
922 2999 1015 3060 animi
1031 2998 1085 3076 vir,
1108 3010 1143 3061 ut
1157 2998 1189 3059 in
1204 2999 1326 3081 publico
1341 3003 1423 3084 peri-

386 3088 454 3150 culo
470 3098 553 3164 ante,
577 3087 620 3147 sic
636 3097 700 3148 tum
720 3085 751 3146 in
771 3106 838 3162 suo,
862 3105 924 3146 non
947 3085 1084 3146 tribunos
1098 3081 1203 3162 modo,
1223 3086 1277 3147 sed
1291 3085 1425 3168 plebem,

385 3173 522 3237 oratione
546 3171 645 3242 feroci
663 3170 835 3250 refutando,
850 3169 1121 3254 exprobrandoque
1134 3167 1174 3233 T.
1182 3169 1322 3234 Menenii
1337 3173 1425 3236 dam·

385 3261 542 3324 nationem
558 3268 758 3340 mortemque,
785 3255 884 3340 (cujus
902 3258 997 3340 patris
1020 3278 1146 3319 munere
1170 3258 1310 3321 restituta
1326 3281 1424 3342 quon·

446 3449 455 3473 ⁹
467 3457 583 3502 oppressere
594 3439 667 3490 Gran.
677 3441 746 3491 Crer.
875 3461 880 3495 t
896 3414 1027 3490 *etenim
1039 3418 1115 3490 Gtoa.
1123 3441 1191 3490 em.
1213 3427 1267 3490 MS.
1279 3441 1359 3492 Veitb.
1407 3488 1411 3501 ,

414 3551 437 3587 ⁹⁸
453 3549 721 3618 limermcitusqueqjus]
734 3553 894 3604 ammonem
950 3555 973 3591 Μ
990 3554 1100 3602 Maletum
1123 3555 1248 3617 edixerunt]
1274 3555 1350 3616 Magis
1374 3556 1423 3617 pls.

382 3612 413 3676 gii
423 3613 571 3662 couieeacum
582 3615 852 3683 sorbonico,Campanua
863 3632 887 3668 et
919 3628 983 3669 ceret
1007 3621 1124 3668 dixerunt:
1145 3620 1178 3669 tic
1199 3621 1260 3669 enim
1279 3619 1338 3668 solet
1360 3621 1423 3668 Liui·

384 3680 488 3728 Andreas
505 3681 614 3728 omittunt
631 3680 661 3728 ei
677 3685 732 3745 φα,
758 3686 818 3747 quod
836 3686 899 3734 siue·
919 3701 953 3734 us.
1079 3715 1082 3719 f

382 3745 428 3794 ulla
438 3745 572 3794 necessitate
583 3745 679 3794 inseruit
691 3750 830 3798 Gronovius.
949 3750 972 3785 Μ
985 3747 999 3774 '
1011 3748 1046 3797 Ea
1062 3750 1087 3797 in
1111 3759 1178 3811 supas
1193 3749 1269 3814 vertit]
1287 3750 1321 3798 Ea
1338 3749 1424 3800 mulcta

414 3809 436 3846 Μ
454 3809 513 3858 Eum
521 3809 649 3876 oppressere]
665 3813 797 3861 Gronovius
807 3828 886 3862 ernen-
918 3812 1019 3876 capitalis
1039 3814 1073 3862 illi
1103 3814 1166 3876 fult3
1195 3815 1274 3863 mortis
1303 3831 1368 3864 causa
1389 3815 1426 3864 illi

382 3877 430 3934 dat,
439 3892 473 3936 eu,
481 3890 564 3939 nempe
573 3875 665 3938 inuidia,
675 3881 789 3939 oppressit:
807 3879 832 3926 ln
844 3894 890 3941 quo
919 3879 971 3927 tuit.

382 3940 521 4018 perornabit
540 3957 554 3988 a
570 3939 667 4004 scriptia,
682 3943 721 4004 qui
739 3941 825 3991 babent
841 3959 889 3991 mut
951 3945 974 3979 Ψ
985 3943 1000 3972 θ
1012 3943 1148 4022 Gmfiaeque]
1165 3945 1328 4023 Intempestive
1342 3945 1379 3994 bie
1390 3945 1425 3994 vi-

382 4015 528 4122 qlltleziim
537 4071 613 4132 eapitis
630 4069 782 4136 requisissent]
808 4069 889 4117 Ouum
919 4008 1090 4134 ggplpmgrffi
1105 4022 1213 4138 pnbpldliiiir
1232 4009 1426 4139 biiiidmpoi'didi
1463 4070 1467 4077 ’

382 4131 448 4180 litem
470 4135 494 4181 ei
516 4133 633 4198 capitalem
657 4136 815 4191 intendissent,
842 4135 889 4182 sive
920 4137 960 4182 vir'
979 4137 1002 4182 in
1023 4151 1078 4198 pace
1099 4140 1205 4187 adversus
1219 4140 1310 4201 agrarire
1328 4140 1381 4200 legi,
1401 4139 1425 4186 iri

380 4196 493 4260 juditium
523 4201 552 4246 de
587 4201 661 4262 rapite
693 4203 743 4266 eJuu
777 4200 888 4249 instituis-
919 4198 980 4247 bello
990 4202 1126 4249 temeritatis
1142 4205 1295 4254 manifestus?
1313 4204 1427 4252 Veniebat

302 4257 308 4280 ¹
382 4272 443 4308 sent.
920 4266 943 4312 in
969 4276 1072 4313 ruentem
1096 4283 1218 4331 eoumque,
1245 4286 1313 4334 quam
1339 4270 1426 4318 scilicet

414 4321 437 4360 Ν
453 4323 506 4372 Duo
519 4327 588 4374 millia
600 4329 659 4392 eris]
678 4331 748 4380 Atrea
758 4331 829 4382 2000.
845 4347 887 4378 res-
919 4327 959 4377 ille
980 4329 1089 4393 opimam
1106 4344 1131 4384 tt
1147 4334 1299 4401 justinianam
1316 4351 1365 4389 etse
1384 4335 1425 4384 tlt·

381 4389 458 4439 timrrl
479 4401 572 4451 possunt
598 4394 670 4444 cribra
694 4397 781 4458 argemi
809 4399 890 4447 martis
918 4393 1030 4457 tenderet,

383 4453 607 4512 Parisiensibuatum
617 4473 661 4509 turn
670 4463 743 4513 tracia.
