<?xml version="1.0" encoding="UTF-8"?>
<!DOCTYPE html PUBLIC "-//W3C//DTD XHTML 1.0 Transitional//EN"
    "http://www.w3.org/TR/xhtml1/DTD/xhtml1-transitional.dtd">
<html xmlns="http://www.w3.org/1999/xhtml" xml:lang="en" lang="en">
 <head>
  <title>
</title>
<meta http-equiv="Content-Type" content="text/html;charset=utf-8" />
  <meta name='ocr-system' content='tesseract 3.04.00' />
  <meta name='ocr-capabilities' content='ocr_page ocr_carea ocr_par ocr_line ocrx_word'/>
</head>
<body>
  <div class='ocr_page' id='page_1' title='image "./tliviipatavinih03grongoog_0147.png"; bbox 0 0 3175 5200; ppageno 0'>
   <div class='ocr_carea' id='block_1_1' title="bbox 489 314 1301 437">
    <p class='ocr_par' dir='ltr' id='par_1_1' title="bbox 489 314 1301 437">
     <span class='ocr_line' id='line_1_1' title="bbox 489 314 1301 437; baseline -0.007 -10"><span class='ocrx_word' id='word_1_1' title='bbox 489 362 850 429; x_wconf 63' lang='lat' dir='ltr'>mnmm.</span> <span class='ocrx_word' id='word_1_2' title='bbox 1142 314 1301 437; x_wconf 49' lang='grc' dir='ltr'>η’</span> 
     </span>
    </p>
   </div>
   <div class='ocr_carea' id='block_1_2' title="bbox 80 527 1357 3467">
    <p class='ocr_par' dir='ltr' id='par_1_2' title="bbox 115 527 1357 1912">
     <span class='ocr_line' id='line_1_2' title="bbox 153 527 1357 611; baseline 0.004 -17"><span class='ocrx_word' id='word_1_3' title='bbox 153 551 228 611; x_wconf 91' lang='lat' dir='ltr'>nec,</span> <span class='ocrx_word' id='word_1_4' title='bbox 243 532 270 572; x_wconf 80' lang='lat'>³⁴</span> <span class='ocrx_word' id='word_1_5' title='bbox 284 530 309 593; x_wconf 90' lang='lat' dir='ltr'>si</span> <span class='ocrx_word' id='word_1_6' title='bbox 334 529 376 593; x_wconf 85' lang='lat' dir='ltr'>ait</span> <span class='ocrx_word' id='word_1_7' title='bbox 390 528 557 593; x_wconf 74' lang='lat' dir='ltr'>laxamenti</span> <span class='ocrx_word' id='word_1_8' title='bbox 571 528 696 611; x_wconf 89' lang='lat' dir='ltr'>aliquid,</span> <span class='ocrx_word' id='word_1_9' title='bbox 709 540 762 591; x_wconf 85' lang='lat' dir='ltr'>aut</span> <span class='ocrx_word' id='word_1_10' title='bbox 777 527 858 611; x_wconf 89' lang='lat' dir='ltr'>plebi</span> <span class='ocrx_word' id='word_1_11' title='bbox 873 528 1034 592; x_wconf 78' lang='lat' dir='ltr'>honarum</span> <span class='ocrx_word' id='word_1_12' title='bbox 1045 550 1121 607; x_wconf 85' lang='lat' dir='ltr'>esse,</span> <span class='ocrx_word' id='word_1_13' title='bbox 1139 531 1198 595; x_wconf 91' lang='lat' dir='ltr'>nisi</span> <span class='ocrx_word' id='word_1_14' title='bbox 1211 547 1246 600; x_wconf 85' lang='lat' dir='ltr'>u.</span> <span class='ocrx_word' id='word_1_15' title='bbox 1256 550 1286 603; x_wconf 84' lang='lat' dir='ltr'>c.</span> <span class='ocrx_word' id='word_1_16' title='bbox 1301 549 1357 605; x_wconf 72' lang='lat' dir='ltr'>ssa.</span> 
     </span>
     <span class='ocr_line' id='line_1_3' title="bbox 154 612 1347 701; baseline -0.002 -19"><span class='ocrx_word' id='word_1_17' title='bbox 154 620 297 682; x_wconf 82' lang='lat' dir='ltr'>mercede</span> <span class='ocrx_word' id='word_1_18' title='bbox 311 618 392 701; x_wconf 89' lang='lat' dir='ltr'>prius</span> <span class='ocrx_word' id='word_1_19' title='bbox 406 628 543 701; x_wconf 89' lang='lat' dir='ltr'>accepta,</span> <span class='ocrx_word' id='word_1_20' title='bbox 558 637 642 678; x_wconf 88' lang='lat' dir='ltr'>arma</span> <span class='ocrx_word' id='word_1_21' title='bbox 654 616 710 699; x_wconf 84' lang='lat' dir='ltr'>pro</span> <span class='ocrx_word' id='word_1_22' title='bbox 739 616 839 697; x_wconf 85' lang='lat' dir='ltr'>patria</span> <span class='ocrx_word' id='word_1_23' title='bbox 860 634 921 677; x_wconf 88' lang='lat' dir='ltr'>uon</span> <span class='ocrx_word' id='word_1_24' title='bbox 943 618 1077 701; x_wconf 88' lang='lat' dir='ltr'>cepisse;</span> <span class='ocrx_word' id='word_1_25' title='bbox 1100 621 1128 659; x_wconf 77' lang='lat'>³⁸</span> <span class='ocrx_word' id='word_1_26' title='bbox 1142 612 1198 682; x_wconf 88' lang='lat' dir='ltr'>ne-</span> <span class='ocrx_word' id='word_1_27' title='bbox 1210 618 1242 669; x_wconf 80' lang='lat' dir='ltr'>A.</span> <span class='ocrx_word' id='word_1_28' title='bbox 1254 616 1347 669; x_wconf 60' lang='grc' dir='ltr'>οΑΕΒ·</span> 
     </span>
     <span class='ocr_line' id='line_1_4' title="bbox 156 702 1198 787; baseline 0.001 -20"><span class='ocrx_word' id='word_1_29' title='bbox 156 726 218 787; x_wconf 89' lang='lat' dir='ltr'>que</span> <span class='ocrx_word' id='word_1_30' title='bbox 237 706 372 768; x_wconf 87' lang='lat' dir='ltr'>Patribus</span> <span class='ocrx_word' id='word_1_31' title='bbox 401 704 474 766; x_wconf 85' lang='lat' dir='ltr'>satis</span> <span class='ocrx_word' id='word_1_32' title='bbox 489 704 642 779; x_wconf 92' lang='lat' dir='ltr'>decorum,</span> <span class='ocrx_word' id='word_1_33' title='bbox 670 722 723 785; x_wconf 88' lang='lat' dir='ltr'>per</span> <span class='ocrx_word' id='word_1_34' title='bbox 738 713 855 764; x_wconf 86' lang='lat' dir='ltr'>metum</span> <span class='ocrx_word' id='word_1_35' title='bbox 879 702 989 784; x_wconf 89' lang='lat' dir='ltr'>potius,</span> <span class='ocrx_word' id='word_1_36' title='bbox 1004 724 1095 786; x_wconf 84' lang='lat' dir='ltr'>quam</span> <span class='ocrx_word' id='word_1_37' title='bbox 1109 718 1198 786; x_wconf 91' lang='lat' dir='ltr'>post-</span> 
     </span>
     <span class='ocr_line' id='line_1_5' title="bbox 154 786 1197 868; baseline 0.001 -15"><span class='ocrx_word' id='word_1_38' title='bbox 154 792 252 855; x_wconf 89' lang='lat' dir='ltr'>modo</span> <span class='ocrx_word' id='word_1_39' title='bbox 275 792 438 868; x_wconf 85' lang='lat' dir='ltr'>voluntate,</span> <span class='ocrx_word' id='word_1_40' title='bbox 468 788 597 851; x_wconf 85' lang='lat' dir='ltr'>adflictis</span> <span class='ocrx_word' id='word_1_41' title='bbox 626 786 737 850; x_wconf 87' lang='lat' dir='ltr'>civium</span> <span class='ocrx_word' id='word_1_42' title='bbox 761 808 882 849; x_wconf 87' lang='lat' dir='ltr'>suorum</span> <span class='ocrx_word' id='word_1_43' title='bbox 905 786 1033 851; x_wconf 80' lang='lat' dir='ltr'>fortunis</span> <span class='ocrx_word' id='word_1_44' title='bbox 1057 792 1197 854; x_wconf 87' lang='lat' dir='ltr'>consulu-</span> 
     </span>
     <span class='ocr_line' id='line_1_6' title="bbox 153 872 1197 959; baseline 0 -19"><span class='ocrx_word' id='word_1_45' title='bbox 153 879 229 941; x_wconf 83' lang='lat' dir='ltr'>iase.</span> <span class='ocrx_word' id='word_1_46' title='bbox 271 876 452 939; x_wconf 73' lang='lat' dir='ltr'>&#39;‘Concioni</span> <span class='ocrx_word' id='word_1_47' title='bbox 468 876 576 939; x_wconf 86' lang='lat' dir='ltr'>deinde</span> <span class='ocrx_word' id='word_1_48' title='bbox 600 875 701 937; x_wconf 91' lang='lat' dir='ltr'>edicto</span> <span class='ocrx_word' id='word_1_49' title='bbox 721 873 841 937; x_wconf 84' lang='lat' dir='ltr'>addidit</span> <span class='ocrx_word' id='word_1_50' title='bbox 879 872 981 952; x_wconf 87' lang='lat' dir='ltr'>fidem,</span> <span class='ocrx_word' id='word_1_51' title='bbox 1004 895 1065 956; x_wconf 91' lang='lat' dir='ltr'>quo</span> <span class='ocrx_word' id='word_1_52' title='bbox 1092 878 1197 959; x_wconf 84' lang='lat' dir='ltr'>edixit,</span> 
     </span>
     <span class='ocr_line' id='line_1_7' title="bbox 154 959 1198 1047; baseline 0 -20"><span class='ocrx_word' id='word_1_53' title='bbox 154 966 166 999; x_wconf 88' lang='lat'>‘</span> <span class='ocrx_word' id='word_1_54' title='bbox 181 963 232 1028; x_wconf 91' lang='lat' dir='ltr'>Ne</span> <span class='ocrx_word' id='word_1_55' title='bbox 242 966 307 1047; x_wconf 93' lang='lat' dir='ltr'>quis</span> <span class='ocrx_word' id='word_1_56' title='bbox 330 964 426 1026; x_wconf 82' lang='lat' dir='ltr'>civem</span> <span class='ocrx_word' id='word_1_57' title='bbox 451 960 624 1025; x_wconf 89' lang='lat' dir='ltr'>Romanum</span> <span class='ocrx_word' id='word_1_58' title='bbox 638 962 773 1025; x_wconf 87' lang='lat' dir='ltr'>vinctum</span> <span class='ocrx_word' id='word_1_59' title='bbox 789 959 982 1023; x_wconf 86' lang='lat' dir='ltr'>autclauaum</span> <span class='ocrx_word' id='word_1_60' title='bbox 996 973 1123 1042; x_wconf 88' lang='lat' dir='ltr'>teneret,</span> <span class='ocrx_word' id='word_1_61' title='bbox 1138 985 1198 1046; x_wconf 91' lang='lat' dir='ltr'>quo</span> 
     </span>
     <span class='ocr_line' id='line_1_8' title="bbox 155 1047 1198 1131; baseline 0 -18"><span class='ocrx_word' id='word_1_62' title='bbox 155 1053 165 1085; x_wconf 88' lang='lat'>‘</span> <span class='ocrx_word' id='word_1_63' title='bbox 182 1053 283 1114; x_wconf 87' lang='lat' dir='ltr'>minus</span> <span class='ocrx_word' id='word_1_64' title='bbox 305 1050 332 1112; x_wconf 90' lang='lat' dir='ltr'>ei</span> <span class='ocrx_word' id='word_1_65' title='bbox 347 1049 478 1114; x_wconf 81' lang='lat' dir='ltr'>nominis</span> <span class='ocrx_word' id='word_1_66' title='bbox 493 1048 601 1111; x_wconf 91' lang='lat' dir='ltr'>edendi</span> <span class='ocrx_word' id='word_1_67' title='bbox 617 1047 697 1131; x_wconf 88' lang='lat' dir='ltr'>apud</span> <span class='ocrx_word' id='word_1_68' title='bbox 711 1047 849 1111; x_wconf 86' lang='lat' dir='ltr'>consules</span> <span class='ocrx_word' id='word_1_69' title='bbox 862 1059 998 1131; x_wconf 81' lang='lat' dir='ltr'>potestas</span> <span class='ocrx_word' id='word_1_70' title='bbox 1011 1048 1108 1111; x_wconf 88' lang='lat' dir='ltr'>fieret.</span> <span class='ocrx_word' id='word_1_71' title='bbox 1150 1048 1198 1113; x_wconf 88' lang='lat' dir='ltr'>Ne</span> 
     </span>
     <span class='ocr_line' id='line_1_9' title="bbox 154 1134 1200 1220; baseline -0.002 -20"><span class='ocrx_word' id='word_1_72' title='bbox 154 1138 166 1171; x_wconf 89' lang='lat'>‘</span> <span class='ocrx_word' id='word_1_73' title='bbox 182 1137 250 1220; x_wconf 86' lang='lat' dir='ltr'>quis</span> <span class='ocrx_word' id='word_1_74' title='bbox 261 1136 378 1216; x_wconf 84' lang='lat' dir='ltr'>militis,</span> <span class='ocrx_word' id='word_1_75' title='bbox 394 1136 490 1199; x_wconf 89' lang='lat' dir='ltr'>donec</span> <span class='ocrx_word' id='word_1_76' title='bbox 510 1136 663 1197; x_wconf 78' lang='lat' dir='ltr'>incastris</span> <span class='ocrx_word' id='word_1_77' title='bbox 679 1146 769 1214; x_wconf 88' lang='lat' dir='ltr'>esset,</span> <span class='ocrx_word' id='word_1_78' title='bbox 785 1136 865 1197; x_wconf 89' lang='lat' dir='ltr'>bona</span> <span class='ocrx_word' id='word_1_79' title='bbox 877 1134 1046 1217; x_wconf 80' lang='lat' dir='ltr'>possideret</span> <span class='ocrx_word' id='word_1_80' title='bbox 1060 1149 1114 1199; x_wconf 89' lang='lat' dir='ltr'>aut</span> <span class='ocrx_word' id='word_1_81' title='bbox 1126 1156 1200 1198; x_wconf 84' lang='lat' dir='ltr'>ven·</span> 
     </span>
     <span class='ocr_line' id='line_1_10' title="bbox 154 1212 1199 1305; baseline -0.002 -17"><span class='ocrx_word' id='word_1_82' title='bbox 154 1223 166 1257; x_wconf 86' lang='lat'>‘</span> <span class='ocrx_word' id='word_1_83' title='bbox 181 1227 290 1288; x_wconf 83' lang='lat' dir='ltr'>deret:</span> <span class='ocrx_word' id='word_1_84' title='bbox 313 1226 339 1269; x_wconf 81' lang='lat'>³⁷</span> <span class='ocrx_word' id='word_1_85' title='bbox 355 1224 464 1285; x_wconf 87' lang='lat' dir='ltr'>liberos</span> <span class='ocrx_word' id='word_1_86' title='bbox 478 1234 641 1305; x_wconf 87' lang='lat' dir='ltr'>nepotesve</span> <span class='ocrx_word' id='word_1_87' title='bbox 654 1219 718 1303; x_wconf 85' lang='lat' dir='ltr'>ejus</span> <span class='ocrx_word' id='word_1_88' title='bbox 738 1216 926 1305; x_wconf 51' lang='lat' dir='ltr'>morareturg&#39;</span> <span class='ocrx_word' id='word_1_89' title='bbox 958 1219 1028 1283; x_wconf 89' lang='lat' dir='ltr'>Hoc</span> <span class='ocrx_word' id='word_1_90' title='bbox 1042 1212 1199 1305; x_wconf 74' lang='lat' dir='ltr'>proposito</span> 
     </span>
     <span class='ocr_line' id='line_1_11' title="bbox 154 1307 1200 1391; baseline -0.001 -17"><span class='ocrx_word' id='word_1_91' title='bbox 154 1312 272 1390; x_wconf 89' lang='lat' dir='ltr'>edicto,</span> <span class='ocrx_word' id='word_1_92' title='bbox 299 1321 342 1387; x_wconf 90' lang='lat' dir='ltr'>et,</span> <span class='ocrx_word' id='word_1_93' title='bbox 371 1310 421 1389; x_wconf 93' lang='lat' dir='ltr'>qui</span> <span class='ocrx_word' id='word_1_94' title='bbox 444 1309 581 1385; x_wconf 84' lang='lat' dir='ltr'>aderant,</span> <span class='ocrx_word' id='word_1_95' title='bbox 595 1308 665 1371; x_wconf 87' lang='lat' dir='ltr'>nexi</span> <span class='ocrx_word' id='word_1_96' title='bbox 679 1307 814 1391; x_wconf 84' lang='lat' dir='ltr'>profiteri</span> <span class='ocrx_word' id='word_1_97' title='bbox 828 1307 982 1391; x_wconf 88' lang='lat' dir='ltr'>extemplo</span> <span class='ocrx_word' id='word_1_98' title='bbox 995 1309 1142 1387; x_wconf 81' lang='lat' dir='ltr'>nomina3</span> <span class='ocrx_word' id='word_1_99' title='bbox 1166 1323 1200 1373; x_wconf 83' lang='lat' dir='ltr'>ct</span> 
     </span>
     <span class='ocr_line' id='line_1_12' title="bbox 115 1394 1198 1479; baseline -0.003 -19"><span class='ocrx_word' id='word_1_100' title='bbox 115 1426 122 1441; x_wconf 74' lang='lat'>=</span> <span class='ocrx_word' id='word_1_101' title='bbox 153 1398 291 1479; x_wconf 84' lang='lat' dir='ltr'>undique</span> <span class='ocrx_word' id='word_1_102' title='bbox 305 1416 344 1457; x_wconf 90' lang='lat' dir='ltr'>ex</span> <span class='ocrx_word' id='word_1_103' title='bbox 359 1406 426 1457; x_wconf 84' lang='lat' dir='ltr'>tota</span> <span class='ocrx_word' id='word_1_104' title='bbox 437 1396 509 1457; x_wconf 91' lang='lat' dir='ltr'>urbe</span> <span class='ocrx_word' id='word_1_105' title='bbox 520 1394 749 1478; x_wconf 83' lang='lat' dir='ltr'>proripientium</span> <span class='ocrx_word' id='word_1_106' title='bbox 762 1415 795 1455; x_wconf 87' lang='lat' dir='ltr'>se</span> <span class='ocrx_word' id='word_1_107' title='bbox 810 1415 848 1455; x_wconf 87' lang='lat' dir='ltr'>ex</span> <span class='ocrx_word' id='word_1_108' title='bbox 864 1394 993 1477; x_wconf 82' lang='lat' dir='ltr'>privato,</span> <span class='ocrx_word' id='word_1_109' title='bbox 1019 1414 1112 1476; x_wconf 90' lang='lat' dir='ltr'>quum</span> <span class='ocrx_word' id='word_1_110' title='bbox 1123 1396 1198 1458; x_wconf 89' lang='lat' dir='ltr'>reti·</span> 
     </span>
     <span class='ocr_line' id='line_1_13' title="bbox 152 1481 1197 1565; baseline -0.003 -18"><span class='ocrx_word' id='word_1_111' title='bbox 152 1481 305 1565; x_wconf 89' lang='lat' dir='ltr'>nendijus</span> <span class='ocrx_word' id='word_1_112' title='bbox 320 1482 462 1545; x_wconf 88' lang='lat' dir='ltr'>creditori</span> <span class='ocrx_word' id='word_1_113' title='bbox 473 1502 533 1544; x_wconf 91' lang='lat' dir='ltr'>non</span> <span class='ocrx_word' id='word_1_114' title='bbox 549 1494 648 1557; x_wconf 90' lang='lat' dir='ltr'>esset;</span> <span class='ocrx_word' id='word_1_115' title='bbox 676 1500 837 1543; x_wconf 73' lang='lat' dir='ltr'>concursus</span> <span class='ocrx_word' id='word_1_116' title='bbox 850 1481 1002 1559; x_wconf 75' lang='lat' dir='ltr'>inimum,</span> <span class='ocrx_word' id='word_1_117' title='bbox 1016 1484 1082 1544; x_wconf 75' lang='lat' dir='ltr'>”ut</span> <span class='ocrx_word' id='word_1_118' title='bbox 1095 1502 1197 1545; x_wconf 87' lang='lat' dir='ltr'>sacra·</span> 
     </span>
     <span class='ocr_line' id='line_1_14' title="bbox 154 1564 1196 1650; baseline 0 -19"><span class='ocrx_word' id='word_1_119' title='bbox 154 1580 265 1632; x_wconf 88' lang='lat' dir='ltr'>mento</span> <span class='ocrx_word' id='word_1_120' title='bbox 277 1569 422 1647; x_wconf 85' lang='lat' dir='ltr'>dicerent,</span> <span class='ocrx_word' id='word_1_121' title='bbox 436 1568 510 1631; x_wconf 86' lang='lat' dir='ltr'>fieri.</span> <span class='ocrx_word' id='word_1_122' title='bbox 554 1564 671 1650; x_wconf 85' lang='lat' dir='ltr'>Magna</span> <span class='ocrx_word' id='word_1_123' title='bbox 687 1588 724 1629; x_wconf 92' lang='lat' dir='ltr'>ea</span> <span class='ocrx_word' id='word_1_124' title='bbox 737 1587 845 1630; x_wconf 80' lang='lat' dir='ltr'>marius</span> <span class='ocrx_word' id='word_1_125' title='bbox 859 1567 936 1645; x_wconf 80' lang='lat' dir='ltr'>fuit3</span> <span class='ocrx_word' id='word_1_126' title='bbox 958 1588 1056 1650; x_wconf 89' lang='lat' dir='ltr'>neque</span> <span class='ocrx_word' id='word_1_127' title='bbox 1071 1568 1196 1631; x_wconf 89' lang='lat' dir='ltr'>aliorum</span> 
     </span>
     <span class='ocr_line' id='line_1_15' title="bbox 153 1652 1197 1738; baseline -0.001 -20"><span class='ocrx_word' id='word_1_128' title='bbox 153 1657 257 1738; x_wconf 86' lang='lat' dir='ltr'>magis</span> <span class='ocrx_word' id='word_1_129' title='bbox 270 1656 301 1717; x_wconf 90' lang='lat' dir='ltr'>in</span> <span class='ocrx_word' id='word_1_130' title='bbox 311 1652 424 1717; x_wconf 90' lang='lat' dir='ltr'>Volsco</span> <span class='ocrx_word' id='word_1_131' title='bbox 437 1654 517 1717; x_wconf 92' lang='lat' dir='ltr'>bello</span> <span class='ocrx_word' id='word_1_132' title='bbox 530 1654 624 1716; x_wconf 81' lang='lat' dir='ltr'>virtus</span> <span class='ocrx_word' id='word_1_133' title='bbox 638 1664 730 1737; x_wconf 86' lang='lat' dir='ltr'>atque</span> <span class='ocrx_word' id='word_1_134' title='bbox 747 1675 839 1737; x_wconf 87' lang='lat' dir='ltr'>opera</span> <span class='ocrx_word' id='word_1_135' title='bbox 853 1654 972 1718; x_wconf 87' lang='lat' dir='ltr'>enituit.</span> <span class='ocrx_word' id='word_1_136' title='bbox 1015 1652 1128 1717; x_wconf 87' lang='lat' dir='ltr'>Consul</span> <span class='ocrx_word' id='word_1_137' title='bbox 1143 1676 1197 1717; x_wconf 95' lang='lat' dir='ltr'>co-</span> 
     </span>
     <span class='ocr_line' id='line_1_16' title="bbox 153 1740 1199 1825; baseline 0.003 -22"><span class='ocrx_word' id='word_1_138' title='bbox 153 1743 224 1825; x_wconf 88' lang='lat' dir='ltr'>pias</span> <span class='ocrx_word' id='word_1_139' title='bbox 239 1752 346 1804; x_wconf 80' lang='lat' dir='ltr'>contra</span> <span class='ocrx_word' id='word_1_140' title='bbox 359 1742 479 1804; x_wconf 88' lang='lat' dir='ltr'>hostem</span> <span class='ocrx_word' id='word_1_141' title='bbox 493 1740 606 1805; x_wconf 89' lang='lat' dir='ltr'>educit.</span> <span class='ocrx_word' id='word_1_142' title='bbox 627 1760 721 1824; x_wconf 85' lang='lat' dir='ltr'>parvo</span> <span class='ocrx_word' id='word_1_143' title='bbox 745 1742 905 1805; x_wconf 86' lang='lat' dir='ltr'>dirimente</span> <span class='ocrx_word' id='word_1_144' title='bbox 928 1741 1085 1805; x_wconf 80' lang='lat' dir='ltr'>intervallo</span> <span class='ocrx_word' id='word_1_145' title='bbox 1098 1753 1199 1806; x_wconf 79' lang='lat' dir='ltr'>castra</span> 
     </span>
     <span class='ocr_line' id='line_1_17' title="bbox 151 1829 254 1912; baseline -0.019 -19"><span class='ocrx_word' id='word_1_146' title='bbox 151 1829 254 1912; x_wconf 85' lang='lat' dir='ltr'>ponit.</span> 
     </span>
    </p>

    <p class='ocr_par' dir='ltr' id='par_1_3' title="bbox 80 1912 1341 3467">
     <span class='ocr_line' id='line_1_18' title="bbox 200 1912 1198 1993; baseline 0.002 -16"><span class='ocrx_word' id='word_1_147' title='bbox 200 1913 301 1977; x_wconf 88' lang='lat' dir='ltr'><strong>XXV.</strong></span> <span class='ocrx_word' id='word_1_148' title='bbox 324 1914 466 1979; x_wconf 89' lang='lat' dir='ltr'>Proxima</span> <span class='ocrx_word' id='word_1_149' title='bbox 499 1914 570 1977; x_wconf 90' lang='lat' dir='ltr'>inde</span> <span class='ocrx_word' id='word_1_150' title='bbox 605 1927 696 1977; x_wconf 83' lang='lat' dir='ltr'>nocte</span> <span class='ocrx_word' id='word_1_151' title='bbox 721 1912 836 1993; x_wconf 84' lang='lat' dir='ltr'>Volsci,</span> <span class='ocrx_word' id='word_1_152' title='bbox 879 1914 1030 1977; x_wconf 86' lang='lat' dir='ltr'>discordia</span> <span class='ocrx_word' id='word_1_153' title='bbox 1058 1914 1198 1979; x_wconf 86' lang='lat' dir='ltr'>Romana</span> 
     </span>
     <span class='ocr_line' id='line_1_19' title="bbox 155 2000 1198 2086; baseline 0.003 -23"><span class='ocrx_word' id='word_1_154' title='bbox 155 2000 240 2081; x_wconf 82' lang='lat' dir='ltr'>freti,</span> <span class='ocrx_word' id='word_1_155' title='bbox 265 2002 290 2063; x_wconf 90' lang='lat' dir='ltr'>si</span> <span class='ocrx_word' id='word_1_156' title='bbox 305 2021 365 2086; x_wconf 90' lang='lat' dir='ltr'>qua</span> <span class='ocrx_word' id='word_1_157' title='bbox 385 2014 536 2065; x_wconf 88' lang='lat' dir='ltr'>nocturna</span> <span class='ocrx_word' id='word_1_158' title='bbox 564 2002 705 2064; x_wconf 84' lang='lat' dir='ltr'>transitio</span> <span class='ocrx_word' id='word_1_159' title='bbox 724 2002 893 2085; x_wconf 83' lang='lat' dir='ltr'>proditiove</span> <span class='ocrx_word' id='word_1_160' title='bbox 910 2000 974 2063; x_wconf 89' lang='lat' dir='ltr'>lieri</span> <span class='ocrx_word' id='word_1_161' title='bbox 1001 2004 1108 2084; x_wconf 86' lang='lat' dir='ltr'>possit,</span> <span class='ocrx_word' id='word_1_162' title='bbox 1130 2014 1198 2066; x_wconf 83' lang='lat' dir='ltr'>ten-</span> 
     </span>
     <span class='ocr_line' id='line_1_20' title="bbox 154 2087 1198 2171; baseline 0.001 -20"><span class='ocrx_word' id='word_1_163' title='bbox 154 2099 226 2151; x_wconf 85' lang='lat' dir='ltr'>tant</span> <span class='ocrx_word' id='word_1_164' title='bbox 240 2100 350 2151; x_wconf 87' lang='lat' dir='ltr'>castra.</span> <span class='ocrx_word' id='word_1_165' title='bbox 394 2087 520 2151; x_wconf 87' lang='lat' dir='ltr'>Sensere</span> <span class='ocrx_word' id='word_1_166' title='bbox 540 2088 664 2171; x_wconf 77' lang='lat' dir='ltr'>vigiles:</span> <span class='ocrx_word' id='word_1_167' title='bbox 689 2089 841 2151; x_wconf 85' lang='lat' dir='ltr'>excitatus</span> <span class='ocrx_word' id='word_1_168' title='bbox 856 2087 1017 2167; x_wconf 85' lang='lat' dir='ltr'>exercitus,</span> <span class='ocrx_word' id='word_1_169' title='bbox 1039 2088 1128 2171; x_wconf 84' lang='lat' dir='ltr'>signo</span> <span class='ocrx_word' id='word_1_170' title='bbox 1142 2089 1198 2152; x_wconf 83' lang='lat' dir='ltr'>da·</span> 
     </span>
     <span class='ocr_line' id='line_1_21' title="bbox 153 2172 1197 2257; baseline 0.001 -20"><span class='ocrx_word' id='word_1_171' title='bbox 153 2186 212 2237; x_wconf 83' lang='lat' dir='ltr'>to:</span> <span class='ocrx_word' id='word_1_172' title='bbox 236 2195 414 2238; x_wconf 90' lang='lat' dir='ltr'>concursum</span> <span class='ocrx_word' id='word_1_173' title='bbox 429 2188 475 2239; x_wconf 89' lang='lat' dir='ltr'>est</span> <span class='ocrx_word' id='word_1_174' title='bbox 489 2176 528 2237; x_wconf 85' lang='lat' dir='ltr'>od</span> <span class='ocrx_word' id='word_1_175' title='bbox 554 2196 649 2237; x_wconf 89' lang='lat' dir='ltr'>arma.</span> <span class='ocrx_word' id='word_1_176' title='bbox 693 2172 742 2235; x_wconf 78' lang='lat' dir='ltr'>lta</span> <span class='ocrx_word' id='word_1_177' title='bbox 766 2174 877 2237; x_wconf 85' lang='lat' dir='ltr'>frustra</span> <span class='ocrx_word' id='word_1_178' title='bbox 902 2174 934 2236; x_wconf 93' lang='lat' dir='ltr'>id</span> <span class='ocrx_word' id='word_1_179' title='bbox 952 2175 1106 2257; x_wconf 87' lang='lat' dir='ltr'>inceptum</span> <span class='ocrx_word' id='word_1_180' title='bbox 1121 2174 1197 2239; x_wconf 87' lang='lat' dir='ltr'>Vol·</span> 
     </span>
     <span class='ocr_line' id='line_1_22' title="bbox 154 2258 1299 2343; baseline 0.002 -20"><span class='ocrx_word' id='word_1_181' title='bbox 154 2260 216 2323; x_wconf 86' lang='lat' dir='ltr'>scia</span> <span class='ocrx_word' id='word_1_182' title='bbox 241 2258 309 2323; x_wconf 83' lang='lat' dir='ltr'>fuit.</span> <span class='ocrx_word' id='word_1_183' title='bbox 331 2261 477 2342; x_wconf 91' lang='lat' dir='ltr'>reliquum</span> <span class='ocrx_word' id='word_1_184' title='bbox 498 2262 596 2325; x_wconf 89' lang='lat' dir='ltr'>noctis</span> <span class='ocrx_word' id='word_1_185' title='bbox 620 2260 771 2342; x_wconf 79' lang='lat' dir='ltr'>utrimque</span> <span class='ocrx_word' id='word_1_186' title='bbox 794 2261 889 2343; x_wconf 87' lang='lat' dir='ltr'>quieti</span> <span class='ocrx_word' id='word_1_187' title='bbox 912 2260 1027 2324; x_wconf 84' lang='lat' dir='ltr'>dotum.</span> <span class='ocrx_word' id='word_1_188' title='bbox 1072 2260 1198 2325; x_wconf 89' lang='lat' dir='ltr'>Postero</span> <span class='ocrx_word' id='word_1_189' title='bbox 1295 2330 1299 2337; x_wconf 62' lang='grc'>,</span> 
     </span>
     <span class='ocr_line' id='line_1_23' title="bbox 155 2346 1198 2431; baseline 0.003 -23"><span class='ocrx_word' id='word_1_190' title='bbox 155 2346 208 2409; x_wconf 89' lang='lat' dir='ltr'>dia</span> <span class='ocrx_word' id='word_1_191' title='bbox 240 2348 338 2429; x_wconf 85' lang='lat' dir='ltr'>prima</span> <span class='ocrx_word' id='word_1_192' title='bbox 360 2349 427 2411; x_wconf 92' lang='lat' dir='ltr'>luce</span> <span class='ocrx_word' id='word_1_193' title='bbox 446 2346 561 2427; x_wconf 89' lang='lat' dir='ltr'>Volsci,</span> <span class='ocrx_word' id='word_1_194' title='bbox 597 2346 684 2409; x_wconf 83' lang='lat' dir='ltr'>fossis</span> <span class='ocrx_word' id='word_1_195' title='bbox 725 2347 857 2431; x_wconf 86' lang='lat' dir='ltr'>repletis,</span> <span class='ocrx_word' id='word_1_196' title='bbox 892 2347 1002 2410; x_wconf 77' lang='lat' dir='ltr'>vallum</span> <span class='ocrx_word' id='word_1_197' title='bbox 1041 2349 1198 2411; x_wconf 81' lang='lat' dir='ltr'>invadunt.</span> 
     </span>
     <span class='ocr_line' id='line_1_24' title="bbox 154 2431 1197 2518; baseline 0.002 -23"><span class='ocrx_word' id='word_1_198' title='bbox 154 2431 289 2515; x_wconf 84' lang='lat' dir='ltr'>Jamque</span> <span class='ocrx_word' id='word_1_199' title='bbox 319 2435 358 2497; x_wconf 88' lang='lat' dir='ltr'>ab</span> <span class='ocrx_word' id='word_1_200' title='bbox 377 2434 459 2497; x_wconf 90' lang='lat' dir='ltr'>omni</span> <span class='ocrx_word' id='word_1_201' title='bbox 488 2447 575 2518; x_wconf 90' lang='lat' dir='ltr'>parte</span> <span class='ocrx_word' id='word_1_202' title='bbox 605 2434 792 2495; x_wconf 80' lang='lat' dir='ltr'>munimenta</span> <span class='ocrx_word' id='word_1_203' title='bbox 805 2432 1001 2512; x_wconf 77' lang='lat' dir='ltr'>vellebantur,</span> <span class='ocrx_word' id='word_1_204' title='bbox 1015 2454 1108 2515; x_wconf 91' lang='lat' dir='ltr'>quum</span> <span class='ocrx_word' id='word_1_205' title='bbox 1122 2433 1197 2497; x_wconf 81' lang='lat' dir='ltr'>con·</span> 
     </span>
     <span class='ocr_line' id='line_1_25' title="bbox 155 2520 1196 2604; baseline 0 -23"><span class='ocrx_word' id='word_1_206' title='bbox 155 2520 215 2599; x_wconf 87' lang='lat' dir='ltr'>sul,</span> <span class='ocrx_word' id='word_1_207' title='bbox 237 2540 419 2604; x_wconf 78' lang='lat' dir='ltr'>qunmquam</span> <span class='ocrx_word' id='word_1_208' title='bbox 435 2521 536 2583; x_wconf 89' lang='lat' dir='ltr'>cuncti</span> <span class='ocrx_word' id='word_1_209' title='bbox 550 2520 693 2603; x_wconf 88' lang='lat' dir='ltr'>undique,</span> <span class='ocrx_word' id='word_1_210' title='bbox 719 2530 751 2581; x_wconf 89' lang='lat' dir='ltr'>et</span> <span class='ocrx_word' id='word_1_211' title='bbox 763 2520 834 2581; x_wconf 87' lang='lat' dir='ltr'>nexi</span> <span class='ocrx_word' id='word_1_212' title='bbox 854 2531 925 2582; x_wconf 87' lang='lat' dir='ltr'>ante</span> <span class='ocrx_word' id='word_1_213' title='bbox 944 2540 1060 2599; x_wconf 89' lang='lat' dir='ltr'>omnes,</span> <span class='ocrx_word' id='word_1_214' title='bbox 1078 2533 1113 2582; x_wconf 88' lang='lat' dir='ltr'>ut</span> <span class='ocrx_word' id='word_1_215' title='bbox 1133 2521 1196 2604; x_wconf 76' lang='lat' dir='ltr'>aig-</span> 
     </span>
     <span class='ocr_line' id='line_1_26' title="bbox 154 2607 1200 2689; baseline 0 -21"><span class='ocrx_word' id='word_1_216' title='bbox 154 2627 230 2670; x_wconf 91' lang='lat' dir='ltr'>num</span> <span class='ocrx_word' id='word_1_217' title='bbox 261 2608 359 2687; x_wconf 83' lang='lat' dir='ltr'>daret,</span> <span class='ocrx_word' id='word_1_218' title='bbox 389 2608 571 2685; x_wconf 80' lang='lat' dir='ltr'>clamabant,</span> <span class='ocrx_word' id='word_1_219' title='bbox 597 2607 770 2689; x_wconf 88' lang='lat' dir='ltr'>experiendi</span> <span class='ocrx_word' id='word_1_220' title='bbox 792 2607 910 2668; x_wconf 86' lang='lat' dir='ltr'>animos</span> <span class='ocrx_word' id='word_1_221' title='bbox 936 2607 1067 2670; x_wconf 86' lang='lat' dir='ltr'>militum</span> <span class='ocrx_word' id='word_1_222' title='bbox 1091 2627 1200 2669; x_wconf 86' lang='lat' dir='ltr'>caussa</span> 
     </span>
     <span class='ocr_line' id='line_1_27' title="bbox 156 2692 1196 2779; baseline -0.001 -23"><span class='ocrx_word' id='word_1_223' title='bbox 156 2711 320 2779; x_wconf 80' lang='lat' dir='ltr'>parumper</span> <span class='ocrx_word' id='word_1_224' title='bbox 346 2706 492 2774; x_wconf 86' lang='lat' dir='ltr'>moratus,</span> <span class='ocrx_word' id='word_1_225' title='bbox 515 2703 677 2776; x_wconf 86' lang='lat' dir='ltr'>postquam</span> <span class='ocrx_word' id='word_1_226' title='bbox 698 2692 771 2756; x_wconf 87' lang='lat' dir='ltr'>satis</span> <span class='ocrx_word' id='word_1_227' title='bbox 786 2693 952 2776; x_wconf 83' lang='lat' dir='ltr'>adparebat</span> <span class='ocrx_word' id='word_1_228' title='bbox 965 2694 1070 2775; x_wconf 83' lang='lat' dir='ltr'>ingens</span> <span class='ocrx_word' id='word_1_229' title='bbox 1096 2695 1196 2773; x_wconf 89' lang='lat' dir='ltr'>ardor,</span> 
     </span>
     <span class='ocr_line' id='line_1_28' title="bbox 154 2778 1196 2862; baseline -0.002 -18"><span class='ocrx_word' id='word_1_230' title='bbox 154 2781 231 2844; x_wconf 89' lang='lat' dir='ltr'>dato</span> <span class='ocrx_word' id='word_1_231' title='bbox 245 2783 369 2844; x_wconf 87' lang='lat' dir='ltr'>tandem</span> <span class='ocrx_word' id='word_1_232' title='bbox 385 2782 425 2844; x_wconf 89' lang='lat' dir='ltr'>ad</span> <span class='ocrx_word' id='word_1_233' title='bbox 440 2779 656 2862; x_wconf 89' lang='lat' dir='ltr'>erumpendum</span> <span class='ocrx_word' id='word_1_234' title='bbox 676 2779 773 2862; x_wconf 74' lang='lat' dir='ltr'>signo,</span> <span class='ocrx_word' id='word_1_235' title='bbox 801 2778 930 2842; x_wconf 84' lang='lat' dir='ltr'>militem</span> <span class='ocrx_word' id='word_1_236' title='bbox 953 2779 1075 2842; x_wconf 85' lang='lat' dir='ltr'>avidum</span> <span class='ocrx_word' id='word_1_237' title='bbox 1096 2793 1196 2843; x_wconf 81' lang='lat' dir='ltr'>certo-</span> 
     </span>
     <span class='ocr_line' id='line_1_29' title="bbox 154 2866 1341 2950; baseline -0.003 -19"><span class='ocrx_word' id='word_1_238' title='bbox 154 2869 245 2930; x_wconf 91' lang='lat' dir='ltr'>minis</span> <span class='ocrx_word' id='word_1_239' title='bbox 266 2869 390 2938; x_wconf 86' lang='lat' dir='ltr'>emittit.</span> <span class='ocrx_word' id='word_1_240' title='bbox 423 2866 524 2929; x_wconf 88' lang='lat' dir='ltr'>Primo</span> <span class='ocrx_word' id='word_1_241' title='bbox 546 2866 651 2928; x_wconf 87' lang='lat' dir='ltr'>statim</span> <span class='ocrx_word' id='word_1_242' title='bbox 679 2867 799 2928; x_wconf 85' lang='lat' dir='ltr'>incursu</span> <span class='ocrx_word' id='word_1_243' title='bbox 831 2866 909 2949; x_wconf 89' lang='lat' dir='ltr'>pulsi</span> <span class='ocrx_word' id='word_1_244' title='bbox 932 2867 1055 2930; x_wconf 74' lang='lat' dir='ltr'>hostest</span> <span class='ocrx_word' id='word_1_245' title='bbox 1077 2867 1274 2950; x_wconf 70' lang='lat' dir='ltr'>hagion-Vati</span> <span class='ocrx_word' id='word_1_246' title='bbox 1283 2881 1341 2934; x_wconf 77' lang='lat' dir='ltr'>vd.</span> 
     </span>
     <span class='ocr_line' id='line_1_30' title="bbox 153 2950 1248 3037; baseline 0 -19"><span class='ocrx_word' id='word_1_247' title='bbox 153 2955 246 3031; x_wconf 90' lang='lat' dir='ltr'>tibus,</span> <span class='ocrx_word' id='word_1_248' title='bbox 257 2956 357 3037; x_wconf 90' lang='lat' dir='ltr'>quoad</span> <span class='ocrx_word' id='word_1_249' title='bbox 371 2954 486 3036; x_wconf 84' lang='lat' dir='ltr'>insequi</span> <span class='ocrx_word' id='word_1_250' title='bbox 509 2954 601 3036; x_wconf 88' lang='lat' dir='ltr'>pedes</span> <span class='ocrx_word' id='word_1_251' title='bbox 616 2953 728 3035; x_wconf 88' lang='lat' dir='ltr'>potuit,</span> <span class='ocrx_word' id='word_1_252' title='bbox 758 2963 844 3034; x_wconf 80' lang='lat' dir='ltr'>terga</span> <span class='ocrx_word' id='word_1_253' title='bbox 870 2973 972 3016; x_wconf 74' lang='lat' dir='ltr'>casa:</span> <span class='ocrx_word' id='word_1_254' title='bbox 998 2974 1089 3035; x_wconf 91' lang='lat' dir='ltr'>eques</span> <span class='ocrx_word' id='word_1_255' title='bbox 1102 2950 1248 3036; x_wconf 51' lang='lat' dir='ltr'>usqueffl·</span> 
     </span>
     <span class='ocr_line' id='line_1_31' title="bbox 155 3038 1196 3124; baseline 0.001 -22"><span class='ocrx_word' id='word_1_256' title='bbox 155 3041 197 3102; x_wconf 85' lang='lat' dir='ltr'>ad</span> <span class='ocrx_word' id='word_1_257' title='bbox 219 3041 453 3124; x_wconf 79' lang='lat' dir='ltr'>castrspauidos</span> <span class='ocrx_word' id='word_1_258' title='bbox 468 3041 541 3121; x_wconf 80' lang='lat' dir='ltr'>egn&#39;t.</span> <span class='ocrx_word' id='word_1_259' title='bbox 561 3061 634 3101; x_wconf 88' lang='lat' dir='ltr'>mox</span> <span class='ocrx_word' id='word_1_260' title='bbox 654 3039 720 3122; x_wconf 86' lang='lat' dir='ltr'>ipsa</span> <span class='ocrx_word' id='word_1_261' title='bbox 732 3051 845 3116; x_wconf 85' lang='lat' dir='ltr'>castra,</span> <span class='ocrx_word' id='word_1_262' title='bbox 870 3038 1037 3120; x_wconf 84' lang='lat' dir='ltr'>legionibus</span> <span class='ocrx_word' id='word_1_263' title='bbox 1065 3042 1196 3104; x_wconf 85' lang='lat' dir='ltr'>circum·</span> 
     </span>
     <span class='ocr_line' id='line_1_32' title="bbox 155 3123 1196 3209; baseline 0 -21"><span class='ocrx_word' id='word_1_264' title='bbox 155 3126 249 3203; x_wconf 78' lang='lat' dir='ltr'>dctis,</span> <span class='ocrx_word' id='word_1_265' title='bbox 264 3147 356 3208; x_wconf 91' lang='lat' dir='ltr'>quum</span> <span class='ocrx_word' id='word_1_266' title='bbox 377 3123 504 3187; x_wconf 82' lang='lat' dir='ltr'>Volscos</span> <span class='ocrx_word' id='word_1_267' title='bbox 526 3126 596 3186; x_wconf 84' lang='lat' dir='ltr'>inde</span> <span class='ocrx_word' id='word_1_268' title='bbox 618 3125 711 3187; x_wconf 90' lang='lat' dir='ltr'>etiam</span> <span class='ocrx_word' id='word_1_269' title='bbox 723 3145 818 3207; x_wconf 87' lang='lat' dir='ltr'>pavor</span> <span class='ocrx_word' id='word_1_270' title='bbox 838 3125 1014 3207; x_wconf 84' lang='lat' dir='ltr'>expulisset,</span> <span class='ocrx_word' id='word_1_271' title='bbox 1044 3136 1135 3209; x_wconf 82' lang='lat' dir='ltr'>capta</span> <span class='ocrx_word' id='word_1_272' title='bbox 1148 3128 1196 3188; x_wconf 94' lang='lat' dir='ltr'>di-</span> 
     </span>
     <span class='ocr_line' id='line_1_33' title="bbox 156 3207 1195 3295; baseline 0 -22"><span class='ocrx_word' id='word_1_273' title='bbox 156 3222 313 3295; x_wconf 78' lang='lat' dir='ltr'>reptaque.</span> <span class='ocrx_word' id='word_1_274' title='bbox 355 3210 481 3272; x_wconf 86' lang='lat' dir='ltr'>Postero</span> <span class='ocrx_word' id='word_1_275' title='bbox 511 3210 560 3271; x_wconf 93' lang='lat' dir='ltr'>die</span> <span class='ocrx_word' id='word_1_276' title='bbox 589 3210 628 3270; x_wconf 89' lang='lat' dir='ltr'>ad</span> <span class='ocrx_word' id='word_1_277' title='bbox 656 3207 798 3271; x_wconf 84' lang='lat' dir='ltr'>Suessam</span> <span class='ocrx_word' id='word_1_278' title='bbox 813 3207 993 3288; x_wconf 88' lang='lat' dir='ltr'>Pometiam,</span> <span class='ocrx_word' id='word_1_279' title='bbox 1013 3231 1075 3292; x_wconf 91' lang='lat' dir='ltr'>quo</span> <span class='ocrx_word' id='word_1_280' title='bbox 1089 3211 1195 3273; x_wconf 80' lang='lat' dir='ltr'>confir-</span> 
     </span>
     <span class='ocr_line' id='line_1_34' title="bbox 80 3294 1196 3380; baseline -0.001 -21"><span class='ocrx_word' id='word_1_281' title='bbox 80 3327 87 3338; x_wconf 89' lang='lat'>·</span> <span class='ocrx_word' id='word_1_282' title='bbox 156 3309 266 3380; x_wconf 80' lang='lat' dir='ltr'>gerant</span> <span class='ocrx_word' id='word_1_283' title='bbox 281 3297 393 3374; x_wconf 84' lang='lat' dir='ltr'>hostes,</span> <span class='ocrx_word' id='word_1_284' title='bbox 413 3295 582 3376; x_wconf 75' lang='lat' dir='ltr'>legionibus</span> <span class='ocrx_word' id='word_1_285' title='bbox 602 3294 712 3371; x_wconf 82' lang='lat' dir='ltr'>ductis,</span> <span class='ocrx_word' id='word_1_286' title='bbox 736 3295 817 3357; x_wconf 87' lang='lat' dir='ltr'>intra</span> <span class='ocrx_word' id='word_1_287' title='bbox 836 3315 950 3376; x_wconf 89' lang='lat' dir='ltr'>paucos</span> <span class='ocrx_word' id='word_1_288' title='bbox 971 3295 1036 3357; x_wconf 90' lang='lat' dir='ltr'>dies</span> <span class='ocrx_word' id='word_1_289' title='bbox 1050 3297 1196 3378; x_wconf 90' lang='lat' dir='ltr'>oppidum</span> 
     </span>
     <span class='ocr_line' id='line_1_35' title="bbox 158 3379 1196 3467; baseline 0 -22"><span class='ocrx_word' id='word_1_290' title='bbox 158 3383 278 3467; x_wconf 76' lang='lat' dir='ltr'>capitur</span> <span class='ocrx_word' id='word_1_291' title='bbox 291 3405 300 3444; x_wconf 77' lang='lat' dir='ltr'>r</span> <span class='ocrx_word' id='word_1_292' title='bbox 314 3455 316 3460; x_wconf 23' lang='lat'><strong>¹</strong></span> <span class='ocrx_word' id='word_1_293' title='bbox 332 3393 456 3466; x_wconf 78' lang='lat' dir='ltr'>coptum</span> <span class='ocrx_word' id='word_1_294' title='bbox 479 3380 585 3464; x_wconf 82' lang='lat' dir='ltr'>ptaedae</span> <span class='ocrx_word' id='word_1_295' title='bbox 621 3380 738 3444; x_wconf 85' lang='lat' dir='ltr'>datum.</span> <span class='ocrx_word' id='word_1_296' title='bbox 774 3379 846 3440; x_wconf 87' lang='lat' dir='ltr'>iude</span> <span class='ocrx_word' id='word_1_297' title='bbox 872 3379 1006 3462; x_wconf 87' lang='lat' dir='ltr'>paullum</span> <span class='ocrx_word' id='word_1_298' title='bbox 1045 3395 1196 3446; x_wconf 85' lang='lat' dir='ltr'>recreatus</span> 
     </span>
    </p>
   </div>
   <div class='ocr_carea' id='block_1_3' title="bbox 157 3599 1195 4522">
    <p class='ocr_par' dir='ltr' id='par_1_4' title="bbox 158 3599 1194 3737">
     <span class='ocr_line' id='line_1_36' title="bbox 191 3599 1192 3671; baseline -0.009 -15"><span class='ocrx_word' id='word_1_299' title='bbox 191 3605 250 3656; x_wconf 69' lang='lat'>³⁴82·</span> <span class='ocrx_word' id='word_1_300' title='bbox 269 3609 298 3656; x_wconf 78' lang='lat' dir='ltr'>rit</span> <span class='ocrx_word' id='word_1_301' title='bbox 314 3603 536 3671; x_wconf 62' lang='lat' dir='ltr'>martialiquid]</span> <span class='ocrx_word' id='word_1_302' title='bbox 551 3603 576 3654; x_wconf 87' lang='lat' dir='ltr'>Si</span> <span class='ocrx_word' id='word_1_303' title='bbox 587 3601 658 3654; x_wconf 76' lang='lat' dir='ltr'>hostie</span> <span class='ocrx_word' id='word_1_304' title='bbox 689 3599 869 3664; x_wconf 78' lang='lat' dir='ltr'>mnlgituraoa</span> <span class='ocrx_word' id='word_1_305' title='bbox 889 3617 903 3652; x_wconf 80' lang='lat' dir='ltr'>t</span> <span class='ocrx_word' id='word_1_306' title='bbox 924 3606 989 3669; x_wconf 77' lang='lat' dir='ltr'>petre</span> <span class='ocrx_word' id='word_1_307' title='bbox 1008 3604 1097 3670; x_wconf 75' lang='lat' dir='ltr'>pignori</span> <span class='ocrx_word' id='word_1_308' title='bbox 1122 3621 1192 3669; x_wconf 83' lang='lat' dir='ltr'>appo.</span> 
     </span>
     <span class='ocr_line' id='line_1_37' title="bbox 158 3667 1194 3737; baseline -0.004 -15"><span class='ocrx_word' id='word_1_309' title='bbox 158 3689 204 3723; x_wconf 87' lang='lat' dir='ltr'>non</span> <span class='ocrx_word' id='word_1_310' title='bbox 215 3685 333 3737; x_wconf 85' lang='lat' dir='ltr'>tantopere</span> <span class='ocrx_word' id='word_1_311' title='bbox 345 3682 433 3734; x_wconf 76' lang='lat' dir='ltr'>urgent.</span> <span class='ocrx_word' id='word_1_312' title='bbox 690 3670 723 3726; x_wconf 87' lang='lat' dir='ltr'>ni,</span> <span class='ocrx_word' id='word_1_313' title='bbox 745 3685 758 3716; x_wconf 77' lang='lat' dir='ltr'>a</span> <span class='ocrx_word' id='word_1_314' title='bbox 779 3667 928 3718; x_wconf 73' lang='lat' dir='ltr'>aedioeibur</span> <span class='ocrx_word' id='word_1_315' title='bbox 958 3671 1053 3720; x_wconf 79' lang='lat' dir='ltr'>retineri</span> <span class='ocrx_word' id='word_1_316' title='bbox 1085 3671 1194 3734; x_wconf 73' lang='grc' dir='ltr'>ροτιιίιο,</span> 
     </span>
    </p>

    <p class='ocr_par' dir='ltr' id='par_1_5' title="bbox 157 3734 1195 4522">
     <span class='ocr_line' id='line_1_38' title="bbox 191 3734 1195 3802; baseline -0.005 -15"><span class='ocrx_word' id='word_1_317' title='bbox 191 3739 213 3773; x_wconf 69' lang='lat'>³⁵</span> <span class='ocrx_word' id='word_1_318' title='bbox 229 3737 304 3802; x_wconf 76' lang='lat' dir='ltr'>Neque</span> <span class='ocrx_word' id='word_1_319' title='bbox 318 3737 433 3801; x_wconf 76' lang='lat' dir='ltr'>Patribus]</span> <span class='ocrx_word' id='word_1_320' title='bbox 458 3735 607 3800; x_wconf 75' lang='lat' dir='ltr'>iiic-requiri</span> <span class='ocrx_word' id='word_1_321' title='bbox 622 3737 657 3784; x_wconf 85' lang='lat' dir='ltr'>ri.</span> <span class='ocrx_word' id='word_1_322' title='bbox 691 3736 764 3782; x_wconf 84' lang='lat' dir='ltr'>donee</span> <span class='ocrx_word' id='word_1_323' title='bbox 782 3734 885 3782; x_wconf 73' lang='lat' dir='ltr'>debiturn</span> <span class='ocrx_word' id='word_1_324' title='bbox 905 3735 1040 3784; x_wconf 71' lang='lat' dir='ltr'>miseretur.</span> <span class='ocrx_word' id='word_1_325' title='bbox 1074 3735 1138 3784; x_wconf 81' lang='lat' dir='ltr'>idem</span> <span class='ocrx_word' id='word_1_326' title='bbox 1155 3738 1195 3794; x_wconf 79' lang='lat' dir='ltr'>lna</span> 
     </span>
     <span class='ocr_line' id='line_1_39' title="bbox 157 3799 1194 3878; baseline -0.009 -24"><span class='ocrx_word' id='word_1_327' title='bbox 157 3807 226 3854; x_wconf 72' lang='lat' dir='ltr'>dmur</span> <span class='ocrx_word' id='word_1_328' title='bbox 246 3803 357 3868; x_wconf 69' lang='lat' dir='ltr'>prtinus</span> <span class='ocrx_word' id='word_1_329' title='bbox 373 3812 423 3863; x_wconf 76' lang='lat' dir='ltr'>oc,</span> <span class='ocrx_word' id='word_1_330' title='bbox 443 3803 518 3868; x_wconf 83' lang='lat' dir='ltr'>potius</span> <span class='ocrx_word' id='word_1_331' title='bbox 539 3818 607 3865; x_wconf 83' lang='lat' dir='ltr'>quam</span> <span class='ocrx_word' id='word_1_332' title='bbox 617 3819 657 3851; x_wconf 75' lang='lat' dir='ltr'>se-</span> <span class='ocrx_word' id='word_1_333' title='bbox 690 3801 733 3878; x_wconf 74' lang='lat' dir='ltr'>iuit</span> <span class='ocrx_word' id='word_1_334' title='bbox 754 3799 790 3878; x_wconf 64' lang='lat' dir='ltr'>sai</span> <span class='ocrx_word' id='word_1_335' title='bbox 812 3800 901 3863; x_wconf 73' lang='lat' dir='ltr'>peremi</span> <span class='ocrx_word' id='word_1_336' title='bbox 932 3801 956 3846; x_wconf 86' lang='lat' dir='ltr'>ia</span> <span class='ocrx_word' id='word_1_337' title='bbox 987 3813 1117 3878; x_wconf 51' lang='lat' dir='ltr'>nepotes·</span> <span class='ocrx_word' id='word_1_338' title='bbox 1137 3799 1194 3876; x_wconf 61' lang='lat' dir='ltr'>ilio.</span> 
     </span>
     <span class='ocr_line' id='line_1_40' title="bbox 158 3865 1194 3998; baseline -0.01 -15"><span class='ocrx_word' id='word_1_339' title='bbox 158 3885 240 3969; x_wconf 60' lang='lat'><strong>⁹¹¹2·</strong></span> <span class='ocrx_word' id='word_1_340' title='bbox 253 3934 356 3984; x_wconf 65' lang='lat' dir='ltr'>comm</span> <span class='ocrx_word' id='word_1_341' title='bbox 375 3935 462 3998; x_wconf 71' lang='lat' dir='ltr'>mna]</span> <span class='ocrx_word' id='word_1_342' title='bbox 496 3934 538 3990; x_wconf 72' lang='lat' dir='ltr'>aa,</span> <span class='ocrx_word' id='word_1_343' title='bbox 562 3903 612 3996; x_wconf 63' lang='lat' dir='ltr'>qus</span> <span class='ocrx_word' id='word_1_344' title='bbox 634 3933 658 3979; x_wconf 83' lang='lat' dir='ltr'>n</span> <span class='ocrx_word' id='word_1_345' title='bbox 690 3865 1194 3994; x_wconf 42' lang='lat' dir='ltr'>bssssuiiufujdfq‘iisf‘b&#39;li&#39;ffiiffl</span> 
     </span>
     <span class='ocr_line' id='line_1_41' title="bbox 157 3993 1193 4063; baseline -0.008 -15"><span class='ocrx_word' id='word_1_346' title='bbox 157 4003 376 4058; x_wconf 61' lang='lat' dir='ltr'>cunctanctium,</span> <span class='ocrx_word' id='word_1_347' title='bbox 391 3999 657 4063; x_wconf 80' lang='lat' dir='ltr'>comprobavit,etejus-</span> <span class='ocrx_word' id='word_1_348' title='bbox 689 3995 755 4044; x_wconf 81' lang='lat' dir='ltr'>beros</span> <span class='ocrx_word' id='word_1_349' title='bbox 777 4007 911 4059; x_wconf 76' lang='lat' dir='ltr'>nepotesve,</span> <span class='ocrx_word' id='word_1_350' title='bbox 933 3995 973 4058; x_wconf 88' lang='lat' dir='ltr'>qui</span> <span class='ocrx_word' id='word_1_351' title='bbox 988 3995 1019 4042; x_wconf 89' lang='lat' dir='ltr'>ob</span> <span class='ocrx_word' id='word_1_352' title='bbox 1040 4010 1071 4041; x_wconf 65' lang='lat' dir='ltr'>aa</span> <span class='ocrx_word' id='word_1_353' title='bbox 1093 3993 1193 4041; x_wconf 80' lang='lat' dir='ltr'>alienum</span> 
     </span>
     <span class='ocr_line' id='line_1_42' title="bbox 159 4060 1097 4160; baseline -0.009 -46"><span class='ocrx_word' id='word_1_354' title='bbox 159 4067 220 4114; x_wconf 81' lang='lat' dir='ltr'>modi</span> <span class='ocrx_word' id='word_1_355' title='bbox 240 4081 290 4114; x_wconf 81' lang='lat' dir='ltr'>ease</span> <span class='ocrx_word' id='word_1_356' title='bbox 310 4065 418 4146; x_wconf 37' lang='lat' dir='ltr'>ost-cadit,</span> <span class='ocrx_word' id='word_1_357' title='bbox 437 4065 518 4128; x_wconf 75' lang='lat' dir='ltr'>qrdbus</span> <span class='ocrx_word' id='word_1_358' title='bbox 538 4064 594 4112; x_wconf 81' lang='lat' dir='ltr'>tides</span> <span class='ocrx_word' id='word_1_359' title='bbox 615 4063 656 4110; x_wconf 80' lang='lat' dir='ltr'>ba-</span> <span class='ocrx_word' id='word_1_360' title='bbox 689 4061 787 4160; x_wconf 45' lang='lat' dir='ltr'>patsrniu‘m</span> <span class='ocrx_word' id='word_1_361' title='bbox 799 4063 936 4109; x_wconf 71' lang='lat' dir='ltr'>eutaricum</span> <span class='ocrx_word' id='word_1_362' title='bbox 948 4060 1097 4138; x_wconf 38' lang='lat' dir='ltr'>uaxi&#39;easent.</span> 
     </span>
     <span class='ocr_line' id='line_1_43' title="bbox 159 4254 1191 4332; baseline -0.005 -24"><span class='ocrx_word' id='word_1_363' title='bbox 159 4261 217 4323; x_wconf 71' lang='lat' dir='ltr'>raa]</span> <span class='ocrx_word' id='word_1_364' title='bbox 241 4261 318 4309; x_wconf 85' lang='lat' dir='ltr'>Liberi</span> <span class='ocrx_word' id='word_1_365' title='bbox 340 4272 404 4310; x_wconf 73' lang='lat' dir='ltr'>erent</span> <span class='ocrx_word' id='word_1_366' title='bbox 421 4261 445 4308; x_wconf 85' lang='lat' dir='ltr'>in</span> <span class='ocrx_word' id='word_1_367' title='bbox 460 4271 571 4323; x_wconf 82' lang='lat' dir='ltr'>potestate</span> <span class='ocrx_word' id='word_1_368' title='bbox 581 4258 659 4323; x_wconf 81' lang='lat' dir='ltr'>patria,</span> <span class='ocrx_word' id='word_1_369' title='bbox 688 4267 832 4305; x_wconf 76' lang='lat' dir='ltr'>crementum</span> <span class='ocrx_word' id='word_1_370' title='bbox 851 4256 907 4332; x_wconf 79' lang='lat' dir='ltr'>illpd</span> <span class='ocrx_word' id='word_1_371' title='bbox 928 4254 1022 4302; x_wconf 74' lang='lat' dir='ltr'>solcum</span> <span class='ocrx_word' id='word_1_372' title='bbox 1043 4254 1077 4302; x_wconf 84' lang='lat' dir='ltr'>sic</span> <span class='ocrx_word' id='word_1_373' title='bbox 1093 4267 1191 4316; x_wconf 70' lang='lat' dir='ltr'>concep·</span> 
     </span>
     <span class='ocr_line' id='line_1_44' title="bbox 161 4321 1191 4390; baseline -0.008 -15"><span class='ocrx_word' id='word_1_374' title='bbox 161 4327 200 4386; x_wconf 82' lang='lat' dir='ltr'>qul</span> <span class='ocrx_word' id='word_1_375' title='bbox 223 4342 263 4374; x_wconf 84' lang='lat' dir='ltr'>eos</span> <span class='ocrx_word' id='word_1_376' title='bbox 276 4336 366 4390; x_wconf 81' lang='lat' dir='ltr'>poterat</span> <span class='ocrx_word' id='word_1_377' title='bbox 386 4326 494 4388; x_wconf 81' lang='lat' dir='ltr'>rendere,</span> <span class='ocrx_word' id='word_1_378' title='bbox 516 4325 555 4388; x_wconf 85' lang='lat' dir='ltr'>qui</span> <span class='ocrx_word' id='word_1_379' title='bbox 572 4326 595 4372; x_wconf 93' lang='lat' dir='ltr'>in</span> <span class='ocrx_word' id='word_1_380' title='bbox 616 4339 656 4372; x_wconf 84' lang='lat' dir='ltr'>cor</span> <span class='ocrx_word' id='word_1_381' title='bbox 688 4331 739 4369; x_wconf 83' lang='lat' dir='ltr'>tum</span> <span class='ocrx_word' id='word_1_382' title='bbox 759 4332 816 4377; x_wconf 76' lang='lat' dir='ltr'>crat,</span> <span class='ocrx_word' id='word_1_383' title='bbox 828 4331 855 4368; x_wconf 85' lang='lat' dir='ltr'>nt</span> <span class='ocrx_word' id='word_1_384' title='bbox 872 4331 977 4383; x_wconf 68' lang='lat' dir='ltr'>jurarent</span> <span class='ocrx_word' id='word_1_385' title='bbox 996 4335 1017 4366; x_wconf 81' lang='lat' dir='ltr'>re</span> <span class='ocrx_word' id='word_1_386' title='bbox 1027 4321 1095 4382; x_wconf 70' lang='lat' dir='ltr'>juna</span> <span class='ocrx_word' id='word_1_387' title='bbox 1115 4331 1191 4367; x_wconf 68' lang='lat' dir='ltr'>conw-</span> 
     </span>
     <span class='ocr_line' id='line_1_45' title="bbox 157 4385 1191 4455; baseline -0.006 -17"><span class='ocrx_word' id='word_1_388' title='bbox 157 4388 196 4454; x_wconf 80' lang='lat' dir='ltr'>jus</span> <span class='ocrx_word' id='word_1_389' title='bbox 206 4391 258 4440; x_wconf 76' lang='lat' dir='ltr'>vitae</span> <span class='ocrx_word' id='word_1_390' title='bbox 270 4392 377 4455; x_wconf 79' lang='lat' dir='ltr'>necisque</span> <span class='ocrx_word' id='word_1_391' title='bbox 387 4390 491 4440; x_wconf 75' lang='lat' dir='ltr'>babebat.</span> <span class='ocrx_word' id='word_1_392' title='bbox 514 4392 656 4452; x_wconf 79' lang='lat' dir='ltr'>ltaquctsn.</span> <span class='ocrx_word' id='word_1_393' title='bbox 690 4387 736 4432; x_wconf 77' lang='lat' dir='ltr'>lum</span> <span class='ocrx_word' id='word_1_394' title='bbox 754 4394 987 4448; x_wconf 59' lang='lat' dir='ltr'>assumimusque</span> <span class='ocrx_word' id='word_1_395' title='bbox 1005 4386 1091 4446; x_wconf 68' lang='lat' dir='ltr'>injussa</span> <span class='ocrx_word' id='word_1_396' title='bbox 1117 4385 1191 4432; x_wconf 70' lang='lat' dir='ltr'>obit«-</span> 
     </span>
     <span class='ocr_line' id='line_1_46' title="bbox 159 4447 1122 4522; baseline -0.006 -17"><span class='ocrx_word' id='word_1_397' title='bbox 159 4470 227 4517; x_wconf 81' lang='lat' dir='ltr'>qusm</span> <span class='ocrx_word' id='word_1_398' title='bbox 259 4471 295 4504; x_wconf 79' lang='lat' dir='ltr'>rea</span> <span class='ocrx_word' id='word_1_399' title='bbox 322 4460 401 4522; x_wconf 64' lang='lat' dir='ltr'>patria</span> <span class='ocrx_word' id='word_1_400' title='bbox 428 4455 489 4504; x_wconf 81' lang='lat' dir='ltr'>baud</span> <span class='ocrx_word' id='word_1_401' title='bbox 515 4457 583 4504; x_wconf 82' lang='lat' dir='ltr'>aliter</span> <span class='ocrx_word' id='word_1_402' title='bbox 609 4455 658 4502; x_wconf 80' lang='lat' dir='ltr'>tere</span> <span class='ocrx_word' id='word_1_403' title='bbox 689 4465 730 4500; x_wconf 81' lang='lat' dir='ltr'>roa</span> <span class='ocrx_word' id='word_1_404' title='bbox 762 4447 1122 4518; x_wconf 58' lang='lat' dir='ltr'>immutaturum.</span> 
     </span>
    </p>
   </div>
   <div class='ocr_carea' id='block_1_4' title="bbox 159 4519 658 4588">
    <p class='ocr_par' dir='ltr' id='par_1_6' title="bbox 159 4519 658 4588">
     <span class='ocr_line' id='line_1_47' title="bbox 159 4519 658 4588; baseline -0.01 -13"><span class='ocrx_word' id='word_1_405' title='bbox 159 4535 228 4588; x_wconf 80' lang='lat' dir='ltr'>quan</span> <span class='ocrx_word' id='word_1_406' title='bbox 256 4522 316 4574; x_wconf 82' lang='lat' dir='ltr'>aeni</span> <span class='ocrx_word' id='word_1_407' title='bbox 344 4520 495 4574; x_wconf 61' lang='lat' dir='ltr'>bambanem.</span> <span class='ocrx_word' id='word_1_408' title='bbox 526 4519 592 4572; x_wconf 78' lang='lat' dir='ltr'>Nihil</span> <span class='ocrx_word' id='word_1_409' title='bbox 614 4520 658 4570; x_wconf 80' lang='lat' dir='ltr'>ni-</span> 
     </span>
    </p>
   </div>
   <div class='ocr_carea' id='block_1_5' title="bbox 0 0 1599 5200">
    <p class='ocr_par' dir='ltr' id='par_1_7' title="bbox 0 0 1599 5200">
     <span class='ocr_line' id='line_1_48' title="bbox 0 0 1599 5200; baseline 0 0"><span class='ocrx_word' id='word_1_410' title='bbox 0 0 1599 5200; x_wconf 95' lang='lat' dir='ltr'> </span> 
     </span>
    </p>
   </div>
  </div>
 </body>
</html>
