3175 5200
372 372 431 429 312
742 342 747 350 ’
793 342 879 419 Tm
897 325 1017 417 leu‘

185 510 189 517 '
235 524 350 579 .c.359.
376 519 415 583 ad
439 513 663 581 confirmandos
682 512 821 589 militum
845 513 962 575 animos
983 510 1174 575 intercurritt
1199 512 1279 592 inde
1288 512 1421 578 Romam

234 592 348 645 ·⁰·³⁹³·
377 605 416 669 sd
448 604 641 669 scribendum
666 624 778 665 novum
802 602 971 665 exercitum
999 599 1088 678 redit,
1116 600 1200 663 nullo
1231 602 1422 666 detrectante

377 693 529 771 militiam.
572 689 733 771 Peregrina
743 690 837 751 etiam
847 685 999 770 juventtu,
1014 685 1117 748 Latini
1132 685 1330 770 Hemieique,
1345 710 1421 771 ope-

280 772 284 779 *
378 801 444 845 ram
468 800 553 841 suam
577 776 755 861 pollicentes
782 775 876 837 adid
901 775 1023 851 bellum,
1048 792 1177 844 venerer
1201 776 1311 856 quibus
1325 796 1421 858 quum

378 867 492 951 gratias
516 867 547 927 in
569 877 677 927 senatu
697 864 807 946 egisset
832 862 975 946 dictator,
998 861 1072 923 satis
1091 858 1157 943 jam
1180 863 1319 926 omnibus
1334 862 1421 925 adid

379 954 494 1016 bellum
522 952 647 1035 paratis,
672 954 698 998 ⁷⁴
712 951 800 1012 ludos
826 970 953 1031 magnos
969 964 1020 1010 ‘ex
1047 950 1310 1012 senatusconsulto
1338 950 1423 1013 vovit

378 1038 464 1102 Veiis
479 1039 576 1123 captia
590 1059 622 1099 ae
637 1038 808 1115 facturum,
832 1037 987 1117 adernque
1010 1038 1036 1081 ⁷⁵
1047 1033 1179 1097 Matutae
1192 1037 1296 1099 matris
1319 1037 1422 1099 reiec-

379 1138 443 1191 tam
458 1126 676 1203 dedissurum,
698 1124 764 1207 jam
786 1133 857 1186 ante
880 1124 917 1184 ab
940 1143 1010 1204 rege
1035 1120 1101 1183 Ser.
1114 1118 1218 1199 Tullio
1232 1123 1419 1187 dedicatam.

380 1213 536 1277 Profectus
552 1233 621 1275 cum
637 1211 772 1275 exercitu
786 1212 825 1273 ab
845 1212 920 1272 urbe
936 1208 1164 1293 exspectatione
1179 1210 1331 1272 hominum
1347 1231 1418 1272 ma-

376 1300 455 1384 jore,
479 1320 570 1385 quam
593 1320 657 1381 spe,
681 1300 714 1361 in
734 1320 812 1380 agro
830 1297 961 1381 primum
982 1294 1138 1379 Nepesino
1160 1317 1230 1359 cum
1247 1294 1370 1360 Faliscis
1383 1310 1419 1360 et

269 1458 271 1463 ,
381 1386 587 1471 Capenatibus
611 1388 699 1468 signa
714 1385 842 1447 confert.
886 1384 999 1447 Omnis
1017 1383 1059 1445 ibi
1080 1404 1200 1445 summa
1213 1384 1329 1447 ratione
1343 1404 1420 1446 con-

381 1475 507 1557 silioque
529 1483 600 1535 acta
622 1473 744 1536 fortuna
768 1473 871 1550 edam,
891 1483 927 1534 ut
951 1470 997 1549 fit,
1021 1477 1125 1533 secuta
1146 1483 1203 1533 est.
1229 1493 1291 1533 non
1314 1472 1424 1555 proelio'

381 1566 502 1625 tanturn
529 1559 608 1621 fudit
631 1561 744 1638 hostes,
767 1560 822 1621 sed
847 1558 954 1621 eastris
976 1578 1095 1640 quoque
1124 1559 1218 1637 exuit,
1245 1559 1423 1641 ingentique

381 1647 484 1732 praeda
506 1656 553 1708 est
572 1647 688 1729 potitus
699 1670 710 1726 ;
733 1645 819 1729 cujus
841 1667 911 1729 pars
932 1645 1161 1707 maxima⁷⁸ad
1176 1656 1352 1727 questorem
1374 1655 1425 1707 re-‘

383 1734 475 1797 dscrs
494 1743 560 1795 est:
585 1734 667 1797 haud
690 1734 733 1797 ita
757 1733 886 1795 multum
910 1733 998 1794 militi
1022 1732 1136 1795 datum.
1180 1730 1255 1794 Inde
1272 1732 1312 1794 ad
1326 1731 1424 1795 veios

384 1820 534 1896 exercitus
562 1820 680 1900 ductus,
707 1821 905 1901 densioraque
930 1819 1058 1882 castella
1080 1820 1160 1881 facta
1167 1841 1177 1898 3
1198 1829 1230 1880 et
1251 1840 1271 1880 a
1293 1840 1419 1901 procur-

386 1907 562 1987 sationibus,
583 1928 648 1989 quse
668 1909 770 1970 multa
784 1906 990 1969 temereinter
1000 1926 1117 1969 murum
1127 1905 1281 1967 acvollum
1295 1904 1420 1985 fiebant,

388 1995 502 2074 edicto,
522 2015 561 2057 ne
584 1995 650 2077 quis
675 1993 790 2077 injussu
810 2004 969 2077 pugnaret,
995 1994 1035 2054 ad
1060 2014 1132 2077 opus
1151 1994 1261 2054 milites
1278 1993 1421 2055 traducti.

220 2076 358 2160 cursum
387 2082 522 2165 Operum
545 2081 604 2144 fuit
624 2082 759 2145 omnium
782 2081 874 2163 longe
901 2081 1068 2142 maximum
1086 2101 1123 2141 ac
1145 2080 1420 2163 laboriosissimum,

221 2158 334 2259 affl
388 2169 542 2231 cuniculus
564 2168 597 2231 in
611 2190 711 2231 arcem
727 2168 859 2230 hostium
874 2168 925 2249 agi
945 2180 1073 2250 coeptus.
1093 2166 1175 2249 quod
1189 2187 1227 2227 ne
1240 2167 1424 2229 intermitte·

222 2276 277 2338 agis.
389 2269 472 2319 retur
486 2276 572 2340 opus,
588 2250 647 2319 neu
667 2257 723 2317 sub
740 2265 821 2318 terra
838 2254 1000 2317 continuus
1014 2255 1100 2316 labor
1114 2254 1242 2316 eosdem
1254 2254 1427 2331 conficeret,
1513 2314 1518 2322 ,

390 2344 421 2405 in
448 2354 550 2425 partes
576 2364 629 2406 sex
651 2342 836 2405 munitorum
856 2362 1014 2403 numerum
1040 2341 1160 2403 divisit:
1184 2362 1264 2402 senae
1290 2341 1369 2403 horae
1394 2342 1427 2402 in

391 2431 495 2492 orbem
522 2430 606 2511 operi
631 2430 791 2513 adtributa
813 2440 904 2491 sunt:
927 2439 1018 2491 nocte
1041 2449 1077 2489 ac
1101 2427 1150 2489 die
1174 2448 1340 2510 numquam
1356 2440 1427 2490 aute

388 2516 546 2592 omissum,
560 2536 651 2595 quam
666 2517 699 2577 in
714 2537 813 2577 arcem
829 2517 909 2577 viam
925 2515 1070 2577 facerent.

431 2599 504 2663 XX.
519 2598 671 2681 Dictator,
684 2623 776 2684 quum
785 2602 851 2685 jam
867 2604 898 2664 in
910 2604 1048 2665 manibus
1059 2603 1177 2665 videret
1184 2604 1342 2667 victoriam
1351 2625 1428 2682 esse,

387 2689 494 2750 urbem
505 2687 764 2770 opulentissimam
777 2690 857 2772 capi,
874 2701 1054 2772 tantumque
1070 2691 1175 2773 prada
1189 2691 1262 2769 fore,
1278 2703 1424 2773 quantum

388 2794 450 2836 non
471 2773 611 2836 omnibus
633 2775 665 2836 in
683 2795 776 2838 uuum
803 2777 931 2838 conlatis
954 2789 1025 2840 ante
1037 2778 1125 2839 bellis
1140 2778 1259 2855 fubset3
1282 2797 1423 2858 nequam

389 2861 460 2924 inde
482 2870 535 2922 aut
554 2861 686 2924 militum
708 2863 783 2925 iram
803 2865 874 2924 7⁷ex
888 2864 1079 2946 malignitate
1099 2865 1202 2948 prada
1221 2865 1349 2948 partitae,
1370 2877 1427 2927 aut

391 2948 536 3012 invidiam
551 2949 632 3032 apud
646 2937 751 3011 Patr'es
776 2971 817 3011 ex
840 2951 969 3032 prodiga
992 2952 1153 3034 largitione
1176 2962 1306 3035 caperet,
1323 2951 1428 3012 literas

225 3026 370 3080 Deliberuto
392 3036 432 3098 ad
459 3046 598 3098 senatum
621 3035 721 3098 misit:
757 3035 885 3098 ‘Deum
913 3038 1119 3101 inmortalium
1140 3039 1338 3121 benignitate,
1366 3038 1430 3100 suis

227 3095 349 3212 affl
393 3123 561 3201 ‘consillia
591 3124 738 3206 patientia
761 3123 903 3203 militum,
931 3123 1023 3187 Veios
1045 3125 1112 3207 jam
1134 3127 1198 3189 fore
1221 3128 1251 3188 in
1274 3137 1430 3209 potestate

394 3211 523 3294 ‘populi
552 3209 694 3273 Romani.
731 3211 804 3293 quid
833 3209 872 3273 de
901 3211 1021 3293 praeda'
1034 3213 1208 3275 faciendum
1238 3212 1430 3276 censerenti’

394 3296 471 3360 Dua
481 3309 618 3360 senatum
629 3297 816 3362 distinebant
825 3299 1000 3361 sententia:
1015 3300 1149 3362 osenna
1161 3298 1196 3362 P.
1208 3298 1328 3378 Licinii,
1340 3320 1429 3381 quem

393 3386 523 3467 primurn
550 3385 661 3446 dixisse
689 3407 708 3446 a
730 3385 808 3447 filio·
822 3387 1039 3468 interrogatum
1069 3386 1179 3465 ferunt,
1206 3387 1430 3469 ‘edici'palam

391 3471 403 3502 ‘
420 3471 540 3552 placere
553 3471 677 3553 populo,
691 3484 736 3550 ut,
752 3473 802 3553 qui
817 3473 969 3556 particeps
984 3495 1049 3535 esse
1060 3475 1166 3557 praedas
1180 3475 1281 3552 vellet,
1291 3473 1322 3534 in
1332 3483 1430 3534 castra

393 3556 403 3588 ‘
419 3553 510 3616 Veios
526 3555 608 3616 iret2'
632 3557 728 3619 altera
741 3558 802 3642 Ap.
814 3558 945 3638 Claudii,
960 3561 1010 3642 qui
1025 3561 1216 3642 largitionem
1226 3580 1345 3637 novam,
1356 3580 1426 3642 pro-

392 3641 507 3723 digam,
530 3642 717 3724 inequalem,
740 3644 941 3708 inconsultam
955 3668 1093 3729 arguens,
1119 3649 1144 3710 si
1167 3648 1259 3710 semel
1274 3648 1355 3710 nefas
1369 3647 1427 3708 du-

687 3859 699 3895 1’
710 3869 755 3904 arno
765 3857 820 3905 ssa
828 3855 900 3907 Doer.
910 3857 972 3924 nup.
990 3859 1043 3909 MS.
1054 3859 1134 3910 vent.

426 4056 448 4093 ⁷⁴
463 4053 537 4106 msa
554 4057 658 4124 ungu]
677 4059 732 4110 us.
748 4075 798 4112 not.
816 4066 857 4114 ss.
875 4067 903 4116 a
959 4069 981 4106 π
998 4067 1013 4098 ·
1033 4069 1068 4119 n
1086 4071 1223 4138 magam
1237 4075 1317 4135 „aas
1335 4074 1432 4138 mro]

393 4122 494 4170 c.27.l.
506 4137 542 4173 ιν.
926 4135 1432 4214 Εκωι]ἰςω,ωωι,ηἰωίυωμιαμε1τ

426 4182 448 4219 ⁷⁵
465 4184 560 4236 Mature
568 4187 655 4256 amns]
671 4191 730 4240 Hae
741 4192 848 4255 fuitlno,
861 4194 902 4244 Se·
925 4200 1062 4278 particione:
1080 4203 1101 4250 ri
1116 4203 1213 4252 nimium
1228 4220 1310 4268 parcus
1325 4204 1434 4254 rmlitibua

394 4245 466 4322 mele!
483 4265 554 4309 notor,
572 4253 656 4304 Bacchi
677 4271 808 4320 matertera,
827 4259 901 4310 Atha.
926 4267 1294 4332 mdividendapraedavideretur.

394 4323 551 4364 mantrauxor.
582 4319 901 4377 besanaounrvme.
958 4331 981 4369 ⁷⁸
997 4333 1057 4380 Senis
1067 4333 1097 4384 P.
1109 4333 1203 4398 bonu]
1228 4334 1332 4396 Sigonius
1349 4346 1434 4385 evett.

393 4388 451 4424 ram.
459 4385 529 4470 :tva
538 4381 599 4432 Fert.
608 4397 631 4432 et
640 4384 769 4440 Cic‘l'usc.
777 4391 793 4439 l.
802 4405 821 4441 1.
829 4407 853 4441 n.
861 4395 901 4445 28.
925 4396 987 4445 libris
1004 4396 1068 4460 legit,
1082 4415 1128 4448 arm
1142 4403 1213 4448 aab:
1228 4403 1296 4464 eique
1311 4403 1435 4450 mentitur

427 4438 451 4520 ’ζ’
485 4443 801 4528 diffidentemque]
819 4453 903 4512 Qu-
925 4478 985 4512 uuus
999 4479 1013 4511 a
1027 4465 1094 4525 regiis
1108 4465 1234 4516 coddnon
1247 4466 1434 4532 upmeadaule

393 4519 440 4558 torr
449 4509 530 4557 mum
542 4521 610 4562 estat
619 4529 640 4563 nr
651 4517 766 4581 publicum
777 4523 876 4574 radron.
925 4529 1019 4594 quidam
1027 4527 1119 4590 fideles
1131 4527 1272 4585 Victorinus.
