3175 5200
348 370 406 425 aaa
772 352 857 416 ΤΙΤῙ
875 349 977 441 mult

177 528 251 581 uc.
262 528 318 583 309.
347 512 399 552 ‘⁸⁹
412 532 533 575 caussas
549 510 773 595 cognoscendi3
799 532 905 574 omnes
926 507 1063 595 juniores
1081 502 1206 595 postero
1227 512 1278 575 die
1296 511 1400 596 prima

177 596 317 649 ΜΝ·
347 600 440 663 ‘luce
464 602 495 663 in
521 621 630 682 campo
650 597 766 661 Martio
792 599 935 661 adessent
942 621 953 676 ς
977 601 1196 680 cognoscendis
1211 604 1325 663 caussis
1340 622 1397 662 eo-

347 688 450 765 ‘rum,
473 688 523 769 qui
547 684 672 748 nomina
697 705 757 747 non
784 686 949 764 dedissent,
971 686 1051 749 bello
1070 687 1206 768 perfecto
1222 710 1255 748 se
1271 688 1397 751 daturos
1439 674 1446 687 ’

345 776 510 857 ‘tempus3
534 793 589 855 pro
606 771 759 833 desertore
774 770 920 852 futurum,
935 771 1020 855 cujus
1035 794 1097 834 non
1112 776 1293 857 probassent
1305 796 1393 836 caus-

344 862 434 923 ‘sam
446 858 466 920 :'
488 859 586 919 omnis
598 856 741 939 juventus
762 859 862 922 adfuit
876 871 1000 943 postero
1017 858 1078 921 die.
1131 864 1158 901 ⁸⁰
1170 860 1321 923 Cohortes
1335 862 1394 923 sibi

343 966 466 1029 quaeque
488 944 680 1007 centuriones
705 944 863 1028 legerunt:
889 947 951 1007 bini
966 959 1122 1008 senatores
1139 947 1266 1029 singolis
1282 948 1392 1010 cohor·

341 1034 421 1096 tibus
435 1031 600 1115 praepositi.
645 1030 719 1093 Haec
744 1033 849 1095 omnia
874 1032 952 1094 adeo
977 1047 1097 1096 mature
1118 1033 1257 1116 perfecta
1269 1035 1390 1116 accepi-

339 1140 416 1197 mus,
437 1130 473 1180 ut
487 1118 585 1201 signa,
608 1139 644 1179 eo
660 1118 726 1200 ipso
743 1120 792 1182 die
816 1141 836 1179 a
859 1120 1058 1202 quaestoribus
1081 1140 1122 1181 ex
1146 1122 1250 1183 serario
1271 1133 1392 1203 promta

339 1206 503 1286 delataque
516 1206 548 1267 in
562 1225 716 1287 campum,
740 1216 849 1287 quarta
863 1206 923 1267 diei
936 1206 1014 1267 hora
1028 1218 1115 1269 mota
1129 1228 1170 1269 ex
1185 1228 1294 1291 campo
1309 1208 1390 1282 sint:

338 1292 550 1374 exercitusque
588 1312 693 1371 novus,
728 1293 833 1375 paucis
873 1292 1051 1355 cohortibus
1086 1307 1220 1357 veterum
1259 1284 1390 1356 milifum

337 1379 495 1441 uoluntate
511 1379 716 1461 sequentibus,
728 1380 877 1441 rnanserit
892 1378 932 1439 ad
948 1380 1100 1443 decimum
1116 1381 1260 1465 lapidem.
1306 1380 1390 1442 lnse-

337 1484 433 1547 quens
463 1464 527 1527 dies
563 1464 683 1528 hostem
718 1467 749 1526 iu
784 1476 983 1547 conspectum
1019 1467 1115 1544 dedit,
1154 1480 1315 1550 castraque
1351 1468 1392 1529 ad

337 1549 526 1614 Corbionem
550 1553 658 1614 eastris
688 1564 759 1613 sunt
786 1551 963 1634 conjuncta
1006 1550 1114 1616 Tertio
1140 1554 1201 1633 die,
1226 1576 1319 1637 quum
1346 1555 1391 1615 ira

336 1636 504 1717 Romanos,
529 1638 608 1716 illos,
633 1658 725 1719 quum
749 1639 840 1700 toties
863 1640 1069 1719 rebellassent,
1090 1642 1279 1702 conscientia
1293 1639 1390 1723 eulpae

335 1742 371 1784 ac
387 1724 572 1807 desperatio,
588 1725 731 1806 irritaret,
748 1746 835 1786 mora
849 1724 1016 1787 dimicandi
1030 1727 1113 1788 nulla
1127 1738 1174 1787 est
1188 1727 1280 1788 facta.

377 1807 477 1871 LXX.
512 1809 548 1871 ln
575 1812 712 1872 exercitu
743 1810 885 1872 Romano
910 1831 1001 1893 quum
1029 1812 1089 1873 duo
1119 1814 1257 1873 consules
1283 1823 1389 1874 essent

334 1908 491 1979 potestate
498 1896 592 1979 =pari3
619 1896 702 1977 quod
720 1896 948 1958 saluberrimum
969 1897 999 1956 in
1019 1897 1280 1959 administratione
1295 1918 1387 1979 mag-

334 2003 444 2044 narum
468 2002 567 2044 rerum
592 1995 649 2061 est,
671 2003 792 2045 summa
809 1984 940 2065 imperii,
964 1983 1149 2045 concedente
1165 1982 1309 2066 Agrippa,
1327 2002 1385 2064 pe-

334 2089 388 2131 nes
404 2069 656 2151 collegam-erat:
684 2082 716 2132 et
738 2070 879 2153 praelatus
900 2069 951 2130 ille
974 2067 1113 2131 facilitati
1128 2070 1333 2132 submittentis
1349 2091 1385 2131 se

335 2157 465 2219 comiter
490 2157 704 2239 respondebat,
729 2155 986 2219 communicando
1010 2156 1137 2217 consilis
1156 2156 1331 2236 laudesque,
1354 2164 1390 2217 et

335 2243 482 2323 aequando
505 2244 642 2327 inparem
663 2243 731 2306 sibi.
777 2241 813 2305 ln
839 2242 905 2304 acie
929 2241 1091 2312 Quinctius
1117 2243 1256 2305 dextrum
1280 2261 1387 2320 cornu,

336 2329 475 2413 Agrippa
498 2330 652 2393 sinistmm
676 2329 793 2392 tenuit:
820 2326 875 2411 Sp.
888 2328 1044 2391 Postumio
1069 2328 1149 2391 Albo
1170 2329 1272 2411 legato
1297 2328 1390 2390 datur

341 2416 442 2477 media
464 2417 545 2476 acies
568 2416 700 2492 tuenda3
724 2416 859 2497 legatum
882 2416 1011 2478 altemm
1031 2413 1097 2477 Ser.
1124 2414 1290 2497 Sulpicium
1303 2414 1390 2495 equi-

341 2501 420 2561 tibus
445 2500 623 2583 praeficiunt.
667 2500 787 2563 Pedites
813 2503 851 2563 ab
875 2504 984 2565 dextro
1010 2523 1105 2564 comu
1126 2502 1246 2584 egregie
1270 2522 1390 2582 pugna-

341 2607 421 2666 vere,
449 2586 531 2649 haud
553 2587 689 2668 segniter
719 2588 929 2650 resistentibus
953 2585 1085 2651 Volscis.
1143 2586 1208 2650 Ser.
1239 2585 1390 2671 Sulpicius

294 2690 306 2704 ·
340 2694 394 2758 per
420 2672 552 2734 mediam
580 2674 712 2735 hostium
739 2675 836 2736 aciem
866 2695 935 2737 cum
964 2675 1103 2756 equitatu
1131 2675 1275 2758 perrupit.
1306 2675 1387 2737 unde

341 2780 435 2843 quum
450 2759 559 2822 eadem
584 2761 691 2822 reverti
717 2771 821 2842 posset
844 2760 884 2822 ad
910 2782 990 2838 suos,
1014 2762 1189 2844 priusquam
1209 2763 1307 2824 hostis
1323 2773 1387 2824 tur·

340 2849 428 2910 batos
453 2847 573 2909 ordines
595 2845 741 2923 reficeret,
768 2859 855 2928 terga
876 2847 1044 2930 inpugnare
1064 2849 1197 2917 hostium
1222 2849 1315 2910 satius
1342 2849 1389 2909 vi-

339 2957 406 2997 sum
440 2946 495 2997 est.
532 2943 747 3014 momentoque
778 2934 936 3016 temporis,
970 2935 1001 2995 in
1036 2955 1173 2996 auersam
1205 2934 1386 2997 incursando

338 3023 447 3101 aciem,
463 3022 589 3104 ancipiti
602 3033 715 3084 terrore
732 3019 908 3103 dissipasset
923 3022 1037 3100 hostes,
1059 3022 1092 3082 ni
1109 3043 1164 3083 suo
1178 3019 1301 3105 proprio
1317 3041 1388 3082 eum

337 3110 445 3192 proelio
467 3109 583 3191 equites
605 3106 786 3169 Volscorum
803 3118 836 3169 et
861 3103 1030 3188 AEquorum
1051 3120 1213 3190 exceptum
1234 3108 1386 3190 aliquam-

337 3197 388 3258 diu
406 3197 585 3259 tenuissent.
631 3192 678 3255 lbi
700 3216 771 3256 vero
797 3191 951 3276 Sulpicius
969 3215 1080 3276 negare
1102 3195 1290 3257 ‘cunctandi
1306 3207 1388 3257 tem-

336 3277 418 3366 '‘pus
434 3304 510 3362 esse,
526 3283 750 3345 circumventos
760 3280 1000 3363 interclusosque
1009 3283 1048 3342 ab
1059 3279 1135 3342 sui's’
1146 3281 1326 3360 vociferans,
1338 3280 1387 3342 ‘ni

336 3370 498 3452 ‘equestre
514 3370 653 3452 proelium
671 3368 789 3430 connisi
806 3368 890 3430 omni
910 3369 938 3428 vi
960 3367 1150 3451 perficerent.
1195 3367 1259 3429 Nec
1281 3368 1389 3449 fugare

336 3455 347 3487 ‘
363 3457 495 3537 equitem
512 3458 665 3536 integrum
681 3455 755 3517 satis
778 3475 854 3533 esse,
870 3454 1055 3518 conficerent
1068 3475 1162 3536 equos
1183 3455 1332 3536 virosque,
1348 3473 1388 3515 ne

336 3540 429 3622 ‘quis
445 3542 638 3602 reveheretur
654 3541 724 3603 inde
747 3541 786 3603 ad
814 3542 966 3623 proelium,
991 3553 1045 3603 aut
1060 3542 1226 3624 integraret
1239 3561 1385 3624 pugnam.

366 3657 391 3694 ⁸⁹
408 3655 423 3685 ⁶
436 3656 518 3706 Caum
528 3657 679 3722 aegrescentis]
694 3657 845 3722 Disceptaodi
877 3670 943 3706 eram
954 3658 977 3705 in
988 3673 1035 3705 una
1051 3657 1145 3707 cohorte
1163 3657 1323 3707 centuriones:
1340 3654 1386 3704 lto-

334 3733 360 3771 et
379 3722 519 3784 dijudicandi
540 3738 626 3780 causas,
646 3724 727 3786 quibus
749 3725 846 3786 quisque
877 3725 951 3771 mines
978 3723 1135 3786 quadringenti
1157 3725 1253 3784 traginta
1279 3733 1388 3785 quatuor.

296 3815 300 3822 ·
333 3789 416 3850 uetus,
432 3785 475 3836 albi
492 3788 777 3837 immunitatemamillt'ra
789 3803 844 3835 con-
877 3788 992 3852 Manlpuli
1010 3790 1073 3837 enim
1091 3790 1241 3837 Hortatorem
1261 3799 1286 3836 et
1298 3787 1388 3836 Princi-

334 3856 458 3904 cedendam
470 3870 519 3904 ease
534 3856 694 3903 contenderet.
727 3853 846 3900 Nimirum
876 3869 941 3917 pum,
959 3870 989 3902 ex
1007 3855 1140 3903 Liriovrrt.
1151 3855 1175 3903 8.
1194 3866 1288 3903 centurn
1307 3852 1388 3915 viginti

334 3935 415 3969 omnea
423 3919 527 3986 juniores
539 3919 637 3968 Romani
653 3921 746 3968 nomina
757 3918 846 3966 militiae
878 3931 975 3981 quatuor
993 3920 1100 3967 homines
1118 3919 1201 3980 singuli
1218 3919 1388 3975 continebanta

334 3986 387 4034 dare
403 3986 535 4034 debebant:
555 4001 599 4034 nec
617 3983 737 4048 quisquam
756 3993 846 4046 poterat
878 3984 988 4048 manipuli
997 3985 1147 4046 illationum,
1166 3998 1260 4033 centum
1271 3984 1389 4046 octogirta

334 4049 379 4097 ltoc
390 4050 682 4107 manutenuerunt}
703 4063 793 4097 cautam
804 4047 846 4094 ali-
877 4065 927 4098 aex.
960 4049 1050 4098 Cohors
1061 4051 1129 4111 igitur
1145 4050 1236 4098 decima
1253 4050 1389 4114 paralegio-

336 4129 405 4174 quam
424 4117 547 4178 attulisset,
573 4132 624 4179 quae
643 4113 773 4164 consulibua
792 4127 846 4175 pro-
878 4115 924 4169 nis,
944 4125 969 4162 et
988 4116 1051 4178 quasi
1070 4130 1138 4178 parvo
1155 4114 1224 4178 legio.
1257 4115 1327 4164 eust
1349 4114 1389 4161 hic

336 4177 436 4227 baretur.
477 4180 526 4234 Qui
546 4182 617 4230 talem
635 4180 735 4242 aliquam
756 4191 847 4230 caum
877 4180 962 4226 dicitur
981 4180 1126 4229 centuriones
1145 4195 1158 4226 a
1180 4181 1313 4230 cohortibus
1333 4179 1390 4244 ipsiu

336 4240 602 4298 habebantstlicebmtur
611 4247 716 4294 maeotii.
878 4243 959 4303 lector,
986 4245 1010 4292 ld
1038 4257 1118 4294 conen
1145 4245 1264 4294 solanum
1297 4245 1390 4293 militiae

369 4305 393 4340 ⁹⁰
411 4305 522 4370 Calones]
545 4311 633 4359 Cohors
648 4309 748 4358 habebat
759 4306 846 4356 Hasta-
879 4322 967 4355 motem
981 4313 1390 4372 eat,exquocentu1ioneaaton-

338 4380 384 4426 t⁰⁸s
392 4368 518 4435 Principes,
526 4375 642 4425 Triariae:
663 4391 677 4423 a
693 4373 786 4435 singtilis
798 4388 847 4421 ma-
878 4373 972 4430 aulibm,
981 4386 1014 4432 et,
1022 4375 1134 4438 permissu
1144 4391 1234 4434 eorum,
1254 4393 1269 4424 a
1288 4376 1392 4424 sibama

338 4433 446 4500 nlpuium
457 4450 537 4484 unum.
561 4439 696 4505 Manipulus
706 4438 848 4488 dividebatur
878 4438 986 4488 monitui
1003 4439 1116 4489 solebam.
1148 4440 1201 4493 iisd.
1218 4441 1281 4508 Llpa.
1293 4442 1323 4494 da
1333 4440 1392 4495 Mil.

339 4501 365 4548 in
375 4499 434 4550 dum
443 4499 550 4560 ordine..
563 4503 610 4553 llVO
629 4505 751 4561 centullus
765 4503 849 4566 (ἰὼ
879 4503 964 4560 nomia
995 4518 1014 4558 la
1023 4503 1088 4560 Dm·
1099 4507 1124 4558 ⁴·
1135 4515 1161 4558 et
1172 4507 1196 4556 81

338 4565 434 4630 ‘incdit
447 4577 545 4634 praem
560 4571 675 4624 contub.
708 4569 791 4634 ltaque
807 4583 847 4622 aea
