3175 5200
411 383 470 438 548
826 373 912 434 'rm
931 373 1033 436 lell

249 526 389 644 {bg-⁴33}-
416 539 530 595 structa
558 531 649 594 acies.
705 527 830 592 Clamor
852 531 984 613 primum
1008 532 1041 592 in
1065 531 1183 595 statim·
1203 529 1356 613 perlatus,
1396 528 1488 592 dein

416 630 594 701 conspectus
609 616 715 698 procul
731 617 838 699 pulvis,
864 617 1029 679 tumultum
1051 617 1132 700 apud
1146 618 1277 678 alterum
1298 615 1486 678 commlan

417 706 448 766 in
464 705 570 766 castris
586 702 668 764 fecit.
682 703 777 784 isque,
800 703 960 765 confestim
974 724 1060 767 arma
1072 725 1180 786 capere
1199 701 1303 785 jussis,
1328 702 1486 783 raptim-

417 811 477 872 que
500 789 618 850 eductis
633 789 664 850 in
679 789 775 852 aciem
789 788 945 866 militibus,
970 801 1170 858 transversam
1191 789 1328 850 bostium
1350 788 1484 864 aciem,

557 875 564 889 ·
717 875 724 888 ·
1004 876 1012 888 ·
1092 877 1099 889 ·
1126 897 1135 914 .
1238 876 1246 888 ·
1355 874 1369 906 ι

418 875 779 1042 multumt,
788 875 1145 1024 tumulltu
1155 875 1321 1040 mm
1321 895 1482 1022 2133

420 1048 432 1083 ‘
447 1059 620 1131 compotem
627 1048 761 1109 sinerent
768 1047 844 1124 fieri,
852 1068 908 1109 nec
919 1047 1000 1108 adse
1009 1049 1057 1108 sui
1065 1047 1137 1109 belli
1144 1047 1337 1109 vindicarent
1346 1044 1482 1108 decm'

253 1157 316 1210 vicu
328 1157 394 1209 sm.
421 1133 492 1204 Qua
504 1135 642 1218 inpetum
656 1134 792 1212 dederat,
813 1134 1001 1215 perrumpit3
1024 1134 1180 1214 aciemque
1200 1153 1256 1214 per
1276 1132 1422 1194 mediam
1441 1132 1480 1192 in

252 1225 321 1276 tim
421 1232 522 1284 castra
536 1221 667 1283 bostium
688 1220 799 1297 tendit,
824 1230 857 1280 et
868 1240 963 1280 vacua
984 1219 1192 1282 defensoribus
1205 1219 1404 1301 crepitatque
1419 1219 1479 1280 in·

421 1307 535 1372 cendit.
578 1306 652 1378 Qun
675 1306 727 1367 ubi
749 1305 910 1387 flagrantia
923 1304 1099 1367 Marcianus
1120 1305 1208 1366 miles
1229 1305 1409 1386 conspexit,
1437 1317 1478 1364 et

421 1397 526 1458 hostes
547 1413 714 1476 respexere,
740 1403 806 1453 turn
830 1393 943 1473 passim
964 1392 1038 1473 luga
1059 1404 1162 1474 coepta
1173 1388 1360 1453 Samnitium
1389 1390 1478 1453 lieri.

421 1482 476 1543 sed
490 1481 594 1542 omnia
608 1479 726 1541 obtinet
745 1478 854 1555 coedes,
874 1499 932 1539 nec
947 1479 978 1538 in
993 1479 1086 1539 ullam
1107 1488 1225 1560 partem
1239 1488 1342 1539 mmm
1356 1478 1476 1559 perfn·

418 1568 504 1649 giurn
529 1577 586 1627 est.
639 1564 722 1642 Jam,
754 1563 883 1644 triginta
906 1564 1038 1627 millibus
1062 1565 1196 1626 bostium
1218 1563 1313 1640 coms,
1337 1565 1474 1644 signum

419 1652 553 1733 receptui
578 1650 716 1712 consules
731 1649 890 1729 dederant,
903 1651 1158 1732 conligebantque
1179 1650 1212 1710 in
1233 1669 1327 1710 unum
1342 1651 1476 1732 copias,

417 1738 450 1799 in
464 1739 560 1800 vicem
576 1737 655 1798 inter
668 1757 701 1796 se
722 1747 900 1816 gratantes:
927 1756 1020 1816 quum
1042 1749 1169 1819 repente
1183 1736 1254 1798 vise
1265 1737 1371 1818 procul
1389 1736 1476 1796 bos·

416 1825 495 1889 tium
509 1843 593 1884 novae
606 1821 760 1899 cohortes,
784 1841 851 1902 quae
872 1822 904 1883 in
927 1821 1175 1905 supplementum
1197 1824 1311 1904 scripte
1322 1822 1475 1898 sumt,

419 1909 606 1990 integravere
620 1907 744 1970 cadem.
758 1907 790 1970 in
805 1927 894 1988 quas,
918 1927 976 1968 nec
991 1907 1080 1988 jussu
1102 1908 1270 1986 consulum,
1291 1929 1348 1970 nec
1360 1907 1473 1988 signo

419 2005 559 2076 accepto,
568 1994 698 2056 victores
711 1993 847 2070 vadunt3
864 1993 967 2055 ‘malo
980 1995 1123 2058 tirocinio
1137 1995 1322 2056 inbuendum
1331 1993 1472 2054 Samni·

418 2077 504 2158 tcm,’
528 2079 729 2142 clamitantes.
771 2077 936 2160 Indulgent
958 2079 1096 2142 consules
1116 2081 1269 2162 legionum
1292 2080 1410 2156 ardori,
1430 2095 1471 2144 ut

297 2189 306 2200 ·
419 2168 472 2248 qui
495 2167 589 2248 probe
610 2166 733 2244 scirent,
757 2185 870 2228 novum
892 2166 1020 2228 militem
1045 2167 1178 2230 hostiurn
1203 2168 1285 2233 inter
1305 2168 1469 2250 perculsos

419 2253 493 2333 suga
506 2263 663 2314 veteranos
676 2270 716 2312 ne
730 2251 880 2314 tentando
891 2251 1015 2333 quidem
1029 2254 1106 2316 satis
1118 2249 1277 2314 certamini
1288 2252 1365 2314 lore.
1397 2253 1468 2316 Nec

419 2359 472 2400 eos
496 2337 600 2419 opinio
623 2337 739 2400 fefellit.
761 2357 867 2399 omnes
882 2334 1064 2399 Samnitium
1089 2340 1193 2421 copiae,
1218 2349 1338 2402 veteres
1360 2361 1468 2404 norae-

419 2443 490 2506 qne,
515 2435 636 2486 montes
657 2423 812 2506 proximos
826 2424 900 2505 suga
913 2424 1048 2505 capiunt
1073 2445 1111 2486 eo
1132 2436 1165 2486 ct
1177 2423 1321 2486 Romana
1335 2427 1469 2508 erigimr

420 2511 502 2572 acies
513 2531 524 2588 3
549 2509 787 2590 necquidquam
809 2509 884 2570 satis
904 2509 962 2570 tuti
978 2510 1037 2572 loci
1051 2511 1139 2572 victis
1160 2523 1228 2589 est3
1253 2512 1345 2574 etde
1365 2513 1466 2594 jugis,

419 2616 485 2676 quse
500 2606 655 2677 ceperant,
680 2595 866 2657 nmdmmr:
886 2593 1013 2677 jamque
1032 2618 1094 2659 una
1114 2619 1191 2659 voce
1215 2618 1324 2660 omnes
1352 2620 1465 2681 pacem

417 2682 572 2763 petebant.
591 2740 593 2743 ,
614 2679 706 2758 Tum,
730 2681 822 2742 trium
836 2682 985 2743 mensium
1008 2682 1160 2745 frumento
1172 2684 1337 2767 imperato,
1360 2699 1398 2749 et
1411 2709 1465 2750 an-

416 2785 478 2827 nuo
503 2765 664 2847 stipendio,
689 2785 725 2825 ac
750 2765 876 2845 singulis
900 2766 932 2827 in
955 2768 1083 2829 militem
1106 2770 1228 2847 tunicis,
1252 2772 1292 2833 ad
1318 2786 1463 2836 amatum

417 2852 657 2933 pacisoratores
679 2850 774 2911 missi.
817 2849 975 2913 Cornelius
1001 2854 1033 2915 in
1048 2852 1174 2917 Samnio
1197 2857 1328 2920 relictus.
1375 2859 1464 2921 Mar·

417 2937 482 2999 cius
513 2936 552 2997 dc
576 2934 718 2997 Hernicis
746 2936 937 3019 triumphans
960 2938 993 2999 in
1017 2940 1124 3001 urbem
1153 2942 1263 3019 rediit3
1299 2956 1463 3027 statuaque

418 3022 564 3103 equestris
590 3022 621 3082 in
644 3021 710 3084 loro
736 3020 861 3085 decreta
883 3033 941 3101 est,
966 3044 1032 3103 qua
1057 3038 1129 3087 ante
1148 3030 1295 3110 templum
1322 3030 1462 3094 Castoris

418 3109 519 3190 posita
533 3118 589 3169 est.
631 3104 835 3169 Hernicorum
858 3109 951 3171 tribus
977 3111 1107 3194 populis,
1130 3111 1306 3193 Aletrinati,
1329 3115 1461 3179 Verula-

419 3214 472 3273 no,
487 3193 686 3272 Ferentinati,
707 3195 731 3233 ⁸¹
743 3194 815 3274 quia
836 3195 1018 3275 meluerunt,
1041 3217 1132 3277 quam
1147 3200 1310 3281 civitatem,
1336 3206 1462 3267 suale-

418 3301 473 3361 ges
500 3279 642 3341 reddite:
669 3280 915 3361 connubinmqne
943 3282 1023 3343 inter
1045 3284 1137 3365 ipsos,
1161 3286 1244 3365 quod
1269 3287 1463 3368 aliquamdiu

419 3366 476 3427 soli
499 3364 725 3427 Hernicorum⁰
751 3365 933 3441 babuerunt,
952 3369 1141 3448 permissum.
1183 3370 1366 3454 Anagninis,
1392 3380 1462 3459 qut.

418 3450 1069 3617 nnnmumznc
1092 3456 1460 3630 umen

502 3562 511 3600 ε
1071 3558 1079 3598 =
1218 3566 1249 3605 m

417 3627 1459 3801 multt‘tllrl‘tllltsllllllnffimqtffi

359 3868 364 3873 .
419 3792 523 3855 consul
546 3791 626 3853 bello
650 3790 831 3855 Samnitium
844 3807 976 3857 voverat
999 3798 1038 3857 ab
1060 3799 1167 3860 eodem
1192 3801 1370 3885 collegaque
1391 3808 1458 3891 ejus

419 3876 466 3941 M.
481 3876 603 3940 Valerio
618 3875 758 3940 Maximo
782 3880 837 3940 viae
865 3900 920 3961 per
948 3902 1037 3963 agros
1064 3884 1185 3965 publica
1208 3886 1334 3971 inpensa
1360 3893 1458 3957 lacte.
1527 3889 1528 3908 l

744 4007 915 4083 numm
923 4037 1126 4089 nemmem.

450 4158 472 4192 ΙΙ
490 4156 785 4218 *Quantumqu-
801 4156 919 4223 anton]
949 4161 1083 4222 Anagninos
1099 4176 1216 4224 gaunt,
1228 4170 1398 4233 neqnldqm
1412 4188 1459 4222 ne.

419 4220 482 4275 Quis
503 4222 550 4271 suis
572 4222 660 4283 legibus
679 4222 754 4271 rivere
779 4222 919 4283 malueram,
948 4228 1004 4286 getii
1020 4228 1104 4289 publici
1120 4242 1222 4288 agant,
1237 4246 1323 4295 pm«
1338 4252 1457 4289 mn

417 4288 555 4347 quamnim
566 4286 728 4337 Romanifieri.
948 4292 1109 4351 mationem.
1135 4294 1171 4343 lta
1187 4297 1337 4357 anagnu-in
1357 4303 1458 4353 form

448 4348 471 4381 θ’
488 4348 519 4397 Et
538 4352 707 4415 mgistrmibus,
725 4362 867 4414 prataque·
882 4369 919 4401 a·
949 4356 998 4403 lere
1015 4357 1159 4420 prefectum
1173 4364 1271 4411 redens.
1300 4364 1342 4416 De
1359 4370 1458 4432 pratee.

413 4417 627 4487 mmm,
637 4416 789 4481 ⁴interdictum]
806 4416 837 4465 Et
847 4420 919 4467 ἱκετ-
949 4420 1006 4472 tun‘s
1014 4421 1147 4471 &immed
1157 4427 1224 4475 tow·
1233 4442 1309 4492 πμ.

414 4477 502 4527 notun
520 4488 556 4525 est
583 4479 611 4528 iis
626 4481 668 4542 qui
685 4481 840 4544 mmmmm
859 4484 919 4547 apud
