3175 5200
530 367 873 435 mmmm.
1148 381 1206 445 m

156 520 305 611 libertate,
330 540 396 594 mm
417 523 530 593 tribuni
557 532 684 617 adgredi
711 525 847 614 singulos
867 540 965 595 murm
990 539 1252 617 motuumqueu.
1264 532 1375 604 tots

151 617 218 699 jam
240 620 307 697 rati,
335 628 541 680 accusatorem
569 618 701 702 primum
724 616 898 701 Virginium
917 628 950 682 et
968 620 1102 705 Appium
1118 632 1204 685 reum
1216 616 1249 667 Α
1259 612 1289 668 0·
1299 617 1356 669 ⁴⁴⁰·

155 704 299 787 deligunt
336 706 436 777 Qutuu
463 706 544 767 diem
566 704 670 789 Appio
690 700 847 787 Virginius
868 705 1005 786 dixisset,
1026 717 1059 770 et
1071 708 1203 793 Appius,

154 792 282 873 stipatus
302 793 438 876 patriciis
448 790 622 874 juvenibus,
637 794 669 853 in
689 792 788 854 iorum
811 793 1042 874 descendisset)
1065 796 1200 858 redinte-

153 889 240 960 grate
265 879 418 961 extemplo
442 888 489 939 est
514 879 655 940 omnibus
677 880 827 941 memoria
840 880 1015 943 foedissima
1029 883 1200 964 potestatis,

153 984 245 1046 quum
270 967 368 1048 ipsum
395 964 601 1045 satellitesque
629 960 694 1044 ejus
723 964 880 1028 vidissent.
926 962 1009 1028 'ium
1034 964 1200 1051 Wrgiuius,

153 1050 306 1129 ‘Oratim'
322 1052 432 1133 inquit,
460 1050 570 1111 ‘rebus
591 1048 690 1110 dubiis
715 1051 839 1113 invento
853 1061 911 1115 est.
956 1052 1063 1136 Itaque
1078 1070 1178 1135 neque
1188 1062 1202 1093 ⁸
1212 1064 1303 1146 pff„
1312 1098 1351 1133 κ.

152 1138 163 1171 ‘
177 1156 235 1220 ego
248 1138 420 1201 accusando
432 1138 514 1220 apud
524 1158 577 1199 vos
593 1156 663 1198 curn
678 1147 801 1217 tempus
812 1147 922 1216 terum,
934 1158 953 1199 u
967 1138 1054 1220 cnjus
1068 1135 1202 1203 crudeli·
1212 1159 1311 1197 cmm.

153 1223 242 1288 ‘tate
267 1225 466 1307 vosmetipsi
494 1224 586 1285 armis
611 1223 809 1285 vindicastisr
832 1242 890 1285 neo
916 1224 1008 1285 istrmr
1035 1225 1076 1287 ad
1101 1236 1204 1289 cetero

149 1310 287 1375 ‘scelera
303 1311 514 1395 inpudentiam
526 1312 558 1372 in
569 1306 763 1375 defendendo
778 1328 811 1370 se
828 1308 961 1391 adjicere
975 1309 1085 1392 potiar.
1124 1310 1207 1375 Om-'

151 1397 162 1431 ‘
177 1400 261 1460 nium
277 1400 376 1480 egitur
387 1398 455 1477 tibi,
469 1397 530 1479 Ap.
547 1396 668 1476 Claudi,
683 1416 748 1480 qum
763 1396 847 1479 inpie
862 1397 1038 1478 nefarieque
1047 1416 1103 1479 per
1114 1393 1202 1461 bieu-

152 1484 163 1517 ‘
179 1487 263 1547 nium
280 1486 340 1547 alia
355 1504 445 1567 super
460 1484 520 1546 alia
540 1504 572 1545 cs
595 1503 694 1563 austu,
711 1485 843 1565 gratiam
863 1483 955 1545 facio.
978 1484 1066 1546 unius
1081 1492 1202 1547 tanturn

150 1570 324 1650 ‘criminis,
344 1576 372 1612 ⁸⁰
384 1573 415 1633 ni
438 1570 576 1653 judicem
597 1570 691 1645 dicas,
716 1582 747 1632 te
771 1570 811 1631 ab
826 1570 967 1632 libertate
978 1569 1011 1632 in
1026 1570 1201 1633 servitutem

151 1657 161 1689 ‘
177 1668 285 1720 contra
298 1659 381 1740 leges
396 1658 545 1719 vindicias
561 1674 622 1719 non
636 1656 767 1734 dedisse,
783 1658 816 1718 in
828 1656 949 1720 vincula
959 1668 991 1720 te
1003 1657 1073 1720 duel
1083 1654 1202 1741 jubeo!

153 1742 220 1806 Nec
236 1746 268 1805 in
281 1744 446 1807 tribunicio
463 1745 576 1805 auxilio
591 1744 721 1827 Appius,
738 1762 795 1805 nec
811 1742 974 1827 injudicio
987 1744 1201 1827 populiuiiam

150 1848 235 1912 spem
251 1830 394 1893 habebat.
410 1840 545 1893 attamen
561 1842 592 1893 et
611 1830 748 1893 tribunos
764 1830 951 1914 adpeiiavitr
976 1840 1017 1909 et,
1033 1830 1117 1894 nulio
1131 1842 1200 1894 mo-

150 1928 245 1995 rante,
261 1928 397 1999 arreptus
413 1918 572 1995 avietore,
586 1918 598 1950 ⁴
610 1912 766 1996 Provuco,'
782 1915 892 1998 inquit
935 1915 1052 1979 Audita
1065 1935 1125 1981 rox
1140 1932 1202 1980 urta

148 2004 260 2065 vindex
279 2004 439 2081 libertatis,
455 2022 494 2065 ex
518 2021 555 2067 eo
576 2000 669 2063 missa
683 2022 746 2081 ore,
762 2017 823 2083 quo
837 2002 977 2066 vindieiae
992 2018 1089 2087 nuper
1105 2006 1144 2066 ab
1163 2004 1201 2065 li-

149 2090 265 2153 bertate
277 2090 368 2152 dicte
380 2096 478 2169 erant,
490 2089 643 2152 silentium
660 2083 744 2151 iecit.
788 2086 840 2168 Et,
853 2088 926 2151 durn
942 2103 999 2172 pro
1014 2108 1047 2151 se
1063 2090 1202 2172 quisque,

150 2178 160 2209 ‘
175 2176 259 2238 Deos
274 2178 400 2239 tandem
416 2196 493 2254 esse,
517 2186 548 2239 et
562 2196 625 2238 non
640 2176 801 2259 neglegere
816 2174 971 2254 bumana,’
987 2174 1133 2256 fremunt,
1148 2176 1203 2239 ‘et
1234 2226 1238 2232 .

148 2264 160 2295 ‘
175 2264 569 2346 superbisecrudelitetique,
576 2262 633 2325 etsi
644 2280 736 2342 serus,
742 2277 805 2326 nou
820 2262 1009 2325 levestamen
1019 2262 1124 2325 venire
1133 2278 1200 2345 poe-

148 2349 229 2412 ‘nas
238 2370 248 2428 3
272 2367 447 2433 provocare,
460 2350 511 2432 qui
523 2350 776 2433 provocationem
792 2350 983 2429 sustulisset3
1000 2360 1032 2412 et
1047 2348 1201 2433 inpietate

148 2436 160 2470 ‘
174 2438 348 2521 presidium
363 2436 480 2521 populi,
496 2438 547 2519 qui
564 2437 668 2499 omnia
674 2434 746 2519 jure
760 2437 866 2521 popuii
881 2436 1048 2513 obirissst3
1072 2435 1200 2518 rapique

148 2522 159 2555 ‘
174 2524 206 2585 in
221 2524 341 2587 vincula
355 2532 496 2608 egentem
508 2520 577 2606 jure
587 2524 748 2604 libertatis,
761 2524 812 2606 qui
825 2522 953 2585 liberum
964 2538 1076 2607 corpus
1090 2522 1122 2583 iu
1134 2534 1199 2583 ser·

148 2611 299 2673 ‘vitutem
327 2613 493 2674 addixisset
501 2607 524 2690 ς’
546 2609 641 2694 ipsius
660 2611 755 2695 Appii
778 2611 857 2672 inter
877 2610 1036 2673 concionis
1053 2623 1200 2687 oriuntur,

147 2697 240 2760 iidem
256 2700 368 2782 populi
378 2698 510 2761 Romani
528 2699 720 2782 inplorantis,
737 2715 797 2760 vox
817 2697 1007 2761 audiebatur.
1042 2693 1199 2778 Majorum

145 2785 256 2847 merita
282 2785 313 2848 in
347 2785 566 2869 rempublicam
598 2785 681 2846 domi
712 2785 888 2866 militiaeque
910 2783 1198 2848 commemorabat:

146 2873 156 2904 ‘
172 2891 259 2934 suurn
274 2873 381 2934 infelix
395 2893 469 2956 erga
484 2872 605 2956 plebem
620 2871 793 2934 Romanam
809 2871 954 2951 studium,
978 2871 1061 2952 quod
1074 2882 1198 2951 aequm

145 2958 156 2992 ‘
171 2959 278 3020 derum
294 2960 395 3041 legum
410 2979 601 3022 caussarum
618 2959 753 3021 maxima
762 2959 942 3022 obiensione
952 2957 1075 3020 Petrum
1086 2959 1111 2997 ⁸¹
1122 2975 1197 3018 oon·

146 3046 272 3107 ‘sulstu
297 3045 427 3108 abissetr
451 3065 520 3108 suas
540 3046 636 3127 leges,
652 3046 760 3126 quibus
775 3045 970 3108 manentibus
990 3043 1069 3105 lator
1091 3058 1196 3104 earum

147 3130 158 3164 ‘
173 3130 204 3190 in
220 3131 340 3192 vincula
354 3132 494 3194 ducatur.
540 3130 683 3193 Ceterum
699 3135 726 3172 ⁵¹
738 3151 793 3194 sua
808 3130 935 3214 propris
949 3131 1033 3191 bona
1046 3127 1200 3207 meisque,

148 3217 159 3249 c
432 3219 439 3232 .

148 3215 1199 3384 ttrusustranssubstantiatus

148 3389 159 3422 ‘
173 3385 258 3451 dicta
269 3390 434 3472 postulare,
446 3399 482 3450 ut
495 3389 597 3450 dicere
613 3388 714 3463 liceat,
729 3397 764 3448 ut
773 3385 926 3468 judicium
944 3381 1051 3466 populi
1067 3379 1201 3445 Romam

148 3477 159 3510 ‘
173 3476 313 3559 experiri.
334 3495 395 3537 non
417 3477 462 3537 ita
481 3491 514 3536 se
534 3473 680 3535 iuvidiam
700 3470 903 3554 pertimuisse,
919 3479 954 3532 ut
968 3467 1043 3531 nibil
1058 3467 1091 3531 iu
1105 3469 1201 3552 sequi-

148 3563 236 3625 ‘tute
251 3575 283 3625 et
301 3557 512 3624 misericordia
529 3559 641 3622 civium
661 3574 783 3619 suorum
809 3558 874 3640 spei
899 3555 1022 3619 habeut.
1065 3546 1200 3627 Quodsi

146 3650 158 3684 ‘
173 3649 290 3712 indicta
304 3669 411 3711 caussa
431 3650 463 3711 in
483 3646 604 3709 vinciris
619 3645 759 3723 ducatur,
774 3644 884 3706 iterum
903 3665 937 3706 se
948 3644 1087 3706 tribsuros
1097 3642 1199 3726 plebei

146 3739 158 3771 ‘
172 3737 339 3821 adpellare,
350 3747 383 3799 et
398 3756 534 3816 monere,
556 3755 595 3796 ue
616 3731 786 3812 imitentur,
804 3749 879 3814 quos
892 3729 1024 3795 oderint.
1067 3727 1199 3802 Quodsi

450 3951 451 3954 Ἴ
550 3881 696 3948 ‘ssqusdeb
708 3879 782 3932 Gron.

178 4006 201 4044 ω
218 4003 250 4059 iii
262 4009 365 4072 judicent
384 4005 452 4074 dices]
472 4003 525 4059 Nisi
544 4003 657 4073 judicem,
687 4013 782 4056 secutus
795 4005 889 4072 popius
910 3998 951 4069 qui
976 3991 1129 4054 heremum
1151 4008 1201 4050 tut-

147 4089 216 4140 quam
235 4075 335 4135 iibusrii,
350 4075 484 4138 designabis,
499 4071 536 4125 aui
555 4083 580 4122 te
590 4073 656 4123 sistes
687 4073 758 4122 lebat.

145 4141 288 4206 probaturus,
298 4155 322 4192 te
333 4141 360 4191 ‘ab
371 4129 595 4194 libertate....iiid.
605 4149 655 4192 not.
721 4119 1204 4199 mammaemammal

147 4207 171 4254 4.
188 4207 216 4254 sd
227 4223 247 4256 c.
258 4203 297 4256 24.
309 4223 336 4256 ru
351 4225 384 4257 ra.
689 4195 733 4253 sibi
743 4201 834 4269 proprie
851 4199 877 4250 iu
893 4207 962 4254 estus
977 4207 1017 4248 m
1034 4195 1202 4264 protientur

179 4266 238 4320 tr·
258 4225 379 4322 Conubia
395 4265 482 4338 obieci]
516 4263 655 4322 Consuide.
689 4279 774 4320 nocem
845 4273 887 4346 pt,
904 4270 1003 4330 quium
1021 4267 1132 4327 exparte
1148 4267 1202 4324 prm

146 4330 246 4396 signatus
264 4339 339 4387 iuerat
360 4334 486 4418 lippiensis
505 4354 560 4389 eum
571 4347 657 4386 aunum
689 4337 738 4400 pria
810 4329 880 4397 ipsius
903 4344 969 4380 murs
990 4334 1031 4379 aut
1048 4325 1115 4376 fimi
1133 4322 1204 4386 “stis

147 4412 194 4462 quo
215 4395 345 4454 Decemviri
363 4419 463 4468 pnmuru
491 4405 564 4454 creati
593 4413 654 4454 sunt.
689 4410 729 4450 sut
738 4400 835 4449 laboret.
868 4390 970 4462 opponit
984 4404 1075 4476 proptrq
1092 4399 1134 4472 ipo
1148 4379 1205 4440 bom

147 4465 228 4531 (supra
242 4484 263 4516 e.
275 4467 328 4529 ³3.)
363 4471 399 4520 Eo
416 4471 534 4520 cornuam
552 4471 617 4533 abiit,
631 4465 656 4517 id
689 4465 789 4529 neapo
809 4459 927 4512 mummi
947 4461 1045 4514 domu
1062 4464 1124 4528 run,
1144 4453 1205 4524 nid

146 4533 485 4596 consummandorum
511 4537 589 4598 aaut,
613 4535 657 4586 ob«
691 4539 900 4586 moxmroestunu
909 4529 952 4580 ar.
