3175 5200
386 392 445 450 59⁸
729 431 733 438 .
801 383 888 442 um
907 381 1008 442 leu

218 553 359 672 lilii·
387 529 1453 694 iffmdlllfflnll‘lmflwuffiffiossidla

387 707 554 770 nominetis
577 707 616 768 ab
637 706 831 788 imperatore,
852 707 895 767 eis
917 706 1045 782 (lictum,
1067 706 1138 767 “ut
1158 704 1204 765 vir
1223 704 1326 764 virum
1348 701 1451 783 lege·

388 805 467 872 rent,
498 793 596 854 donee
625 792 779 854 sexdecim
806 790 934 854 millium
962 802 1120 854 numerum
1147 789 1371 852 confecissent.
1388 797 1449 848 ‘ea

388 881 470 961 legio
492 879 618 942 linteata
639 881 677 940 ab
699 880 910 960 integumento
928 879 1078 960 oonsepti‚
1101 897 1161 958 quo
1180 889 1306 939 saerata
1318 874 1448 936 nobili-
1541 874 1542 957 l

389 977 438 1028 tas
451 977 527 1044 erat,
541 967 695 1050 adpellata
709 978 765 1028 est.
809 965 868 1027 His
887 987 973 1027 arma
989 964 1120 1046 insignia
1137 963 1221 1040 datu,
1240 975 1276 1026 et
1297 963 1446 1026 οἴακα
1541 974 1542 1031 l

391 1053 495 1136 galeae,
510 1065 544 1116 ut
559 1053 636 1115 inter
651 1063 767 1114 eeteros
786 1054 965 1114 eminerent„
1009 1050 1115 1112 Paullo
1138 1050 1207 1132 plus
1228 1050 1341 1132 viginti
1363 1047 1444 1108 mil·

391 1139 465 1202 lium
487 1140 563 1202 alius
580 1140 732 1202 'exereims
762 1139 831 1216 fuit,
863 1160 920 1202 nee
949 1157 1112 1220 corporum
1138 1137 1252 1218 specie,
1280 1156 1338 1198 nee
1358 1134 1441 1216 glo-

392 1226 437 1287 ria
457 1227 540 1303 belli,
561 1247 618 1288 nee
642 1227 791 1308 adparatu
821 1226 955 1288 linteatae
985 1225 1097 1306 legioni
1119 1223 1233 1304 dispar.
1256 1223 1308 1284 hie
1329 1221 1439 1282 borni·

391 1333 465 1376 num
486 1331 638 1392 numerus,
671 1313 754 1394 quod
787 1313 904 1374 roboris
928 1324 1005 1390 mut,
1032 1311 1073 1374 ad
1098 1309 1297 1391 Aquiloniam
1319 1327 1443 1370 eonse-

391 1399 448 1462 dit.

294 1489 319 1538 iu
434 1483 584 1548 XXXIX.
617 1485 763 1548 Consules
798 1484 927 1568 profecti
948 1485 988 1546 ab
1009 1485 1101 1546 urbe:
1136 1484 1217 1566 prior
1244 1480 1300 1565 Sp.
1323 1480 1444 1544 Carvi-

391 1573 460 1651 lius,
483 1574 531 1636 cui
557 1583 674 1635 veteres
697 1572 843 1654 legiones,
865 1593 940 1652 quas
963 1569 1010 1632 M.
1023 1571 1146 1648 Atilius,
1168 1570 1333 1651 superioris
1357 1567 1442 1630 anni

390 1660 506 1738 consul,
527 1661 559 1720 in
580 1679 655 1740 agro
675 1656 876 1720 Interamnati
898 1658 1072 1739 reliquerat,
1093 1657 1221 1718 decretae
1234 1667 1336 1733 erant,
1360 1673 1444 1717 cum

389 1746 432 1806 eie
453 1746 484 1806 in
505 1742 664 1806 samnium
685 1745 851 1826 proiectus,
872 1744 944 1806 dum
967 1745 1080 1822 hostes,
1104 1747 1131 1784 ⁸⁰
1141 1743 1256 1826 operati
1277 1741 1445 1824 supersti-

388 1832 532 1908 tionibus,
555 1831 688 1892 eoncilia
708 1845 827 1892 secreta
858 1841 965 1912 sgrrru,
995 1831 1188 1892 Amiternum
1214 1829 1369 1912 oppidum
1397 1827 1447 1889 de

389 1917 576 1978 Samnitibus
594 1917 623 1977 vi
648 1917 738 2000 cepit.
783 1915 869 1978 Cosa
894 1918 937 1980 ibi
958 1917 1056 1978 millia
1077 1917 1230 1978 hominum
1247 1916 1308 1978 duo
1324 1915 1447 1976 ferme

387 2000 1445 2170 tltllltl‘lttt<lttztffll²2lltlttl²tss

386 2112 471 2238 niiepm
495 2137 599 2238 urbem
625 2176 821 2259 expugnavit
842 2177 953 2254 niious,
972 2197 1064 2258 quam
1079 2176 1208 2258 collega,
1230 2133 1442 2256 cepit-bomi-
1532 2190 1536 2201 ·

388 2280 473 2341 num,
497 2263 564 2346 plus
588 2261 743 2344 aliquanto
764 2263 889 2325 ooeidit.
910 2262 1012 2344 prede
1035 2263 1179 2344 opulente
1200 2262 1367 2343 utrobique
1389 2273 1443 2322 est

387 2362 489 2432 parta.
534 2346 609 2412 lude
634 2349 789 2432 pervagati
816 2345 974 2412 Saturnium
1003 2349 1153 2426 eonsules,
1175 2348 1311 2410 maxime
1334 2347 1440 2428 depo-
1533 2332 1537 2353 '

387 2436 494 2517 pulsto
517 2434 646 2498 Atinate
668 2457 753 2518 agro,
776 2434 924 2498 Carvilius
950 2435 992 2496 sd
1013 2433 1198 2513 Cominium,
1224 2433 1367 2516 Papirius
1391 2433 1436 2495 ad

386 2521 582 2604 Aquiloniam
608 2521 672 2603 (ubi
693 2542 815 2584 summa
831 2523 874 2584 rei
895 2520 1081 2585 Samnitium
1092 2523 1170 2603 erat)
1184 2521 1338 2605 persenit.
1351 2519 1439 2580 “ibi

387 2609 578 2693 aliquamdiu
587 2630 650 2671 nee.
659 2622 814 2671 cessatum
829 2610 868 2671 ab
882 2609 973 2671 armis
992 2620 1051 2686 est,
1065 2629 1163 2691 neque
1177 2609 1296 2671 naviter
1313 2628 1439 2691 pugen-

386 2705 472 2757 tuur:
496 2696 673 2757 lacessendo
692 2696 822 2774 quietos,
846 2696 1054 2767 resistentibus
1069 2696 1221 2773 cedendo,
1236 2696 1438 2756 comminan-

386 2779 486 2859 doque
508 2782 616 2860 magis,
641 2799 732 2860 quam
759 2780 917 2842 inferendo
944 2801 1092 2861 pugnam,
1114 2783 1181 2845 dies
1204 2782 1439 2844 absumebsnu.

386 2864 467 2946 quod
483 2876 581 2946 quum
595 2864 790 2946 inciperetur,
811 2865 1087 2948 remittereturque,
1107 2869 1363 2936 omniumrerum
1378 2880 1432 2930 et-

386 2950 448 3013 iam
463 2971 621 3035 parvarum
636 2960 759 3013 eventus
774 2951 983 3034 proferebatur
998 2954 1031 3014 in
1046 2953 1121 3017 dies.
1164 2954 1273 3017 Altera
1289 2954 1437 3017 Roma

386 3049 490 3101 eastra
513 3037 619 3119 viginti
642 3036 773 3099 millium
795 3038 897 3121 spatio
920 3040 1068 3103 aberant:
1091 3052 1123 3103 et
1145 3042 1282 3104 absentis
1305 3041 1442 3123 college

387 3124 515 3187 consiliu
538 3123 679 3187 omnibus
711 3125 851 3205 gerendis
885 3124 1053 3188 intererant
1077 3128 1166 3189 rebus
1178 3139 1190 3188 ε’
1222 3128 1439 3209 intentiorque

387 3209 546 3289 Carvilius,
561 3230 621 3291 quo
636 3209 751 3291 majore
773 3210 948 3273 discrimine
969 3233 1017 3273 res
1037 3214 1222 3292 vertebatur,
1245 3214 1277 3277 in
1298 3214 1438 3296 Aquilo-

387 3296 482 3375 niem,
494 3316 585 3377 quam
597 3297 636 3357 sd
648 3296 833 3375 Cominium,
844 3297 928 3379 quod
935 3299 1107 3378 obsidebat,
1117 3314 1194 3363 erat.
1226 3298 1264 3361 L.
1278 3300 1441 3383 Papirius,

382 3380 450 3463 jam
461 3404 515 3464 per
528 3382 633 3445 omnia
648 3384 687 3445 sd
697 3383 905 3445 dimicandum
917 3384 992 3447 satis
1003 3400 1138 3468 parabas,
1153 3387 1298 3449 nuncium
1311 3388 1356 3449 ad
1364 3388 1439 3450 ool·

386 3468 487 3550 legam
503 3469 615 3543 mittin
632 3468 708 3531 ‘sibi
721 3470 751 3529 in
765 3470 869 3531 animo
883 3492 961 3549 esse,
973 3484 1096 3553 postero
1107 3474 1169 3550 die,
1183 3474 1209 3535 si
1225 3494 1280 3555 per
1291 3475 1442 3557 auspicia

386 3554 397 3586 ‘
413 3554 529 3632 liceret,
544 3554 708 3636 confligere
724 3576 793 3617 cum
809 3556 908 3619 hoste.
951 3556 1037 3641 Opus
1052 3578 1130 3638 esse,
1142 3571 1177 3620 et
1191 3560 1289 3638 illum,
1311 3575 1441 3642 quanta

386 3638 398 3673 ‘
413 3640 547 3702 maxima
560 3641 589 3701 vi
600 3653 713 3725 posset,
730 3640 904 3705 Cominium
916 3645 1102 3727 obpugnare,
1116 3667 1155 3707 ne
1169 3646 1242 3728 quid
1257 3647 1438 3711 immenti

386 3727 398 3762 ‘
413 3727 454 3789 eit
469 3724 656 3789 Samnitibus
671 3728 709 3789 ad
725 3728 861 3790 subsidia
874 3729 1254 3811 Aquiloniam-'mittenda’
1279 3730 1379 3796 Diem
1391 3735 1440 3803 ad

385 3810 639 3896 proficiscendum
655 3814 783 3875 nuncius
799 3814 929 3878 hebuit:
952 3828 1044 3879 noete
1058 3818 1160 3897 rediit,
1177 3819 1348 3901 adprobare
1363 3822 1442 3883 col-

386 3898 487 3982 legam
505 3900 643 3963 eonsulta
662 3899 805 3963 referens.
849 3900 998 3984 Papirius,
1018 3905 1135 3988 'urmoio
1150 3907 1253 3984 misso,
1266 3908 1444 3989 extemplo

386 3984 568 4049 concionem
583 3986 709 4063 hebuit;
734 3986 832 4047 multa
846 3986 885 4048 de
899 3989 1037 4051 universo
1051 4010 1164 4073 genere
1178 3992 1258 4067 belli,
1272 3991 1379 4053 multa
1396 3995 1445 4057 de
1469 4030 1474 4041 ·

385 4073 524 4154 presenti
537 4072 671 4134 hostiurn
687 4072 849 4155 adparatu,
867 4093 946 4136 vana
961 4076 1059 4158 magis
1073 4078 1187 4159 speeie,
1203 4095 1292 4161 quam
1309 4080 1439 4142 efficaci
1470 4148 1473 4154 ‚

213 4182 318 4253 mutu
326 4182 371 4231 mi.
384 4150 425 4223 ad
440 4170 591 4238 eventum,
607 4158 759 4235 disseruit.
796 4156 892 4223 ‘Non
904 4162 987 4223 enim
1001 4162 1108 4226 cristas
1123 4164 1247 4227 vulnero
1260 4164 1362 4227 facere
1366 4188 1380 4245 3
1398 4178 1442 4230 et

213 4253 269 4305 ur·
278 4250 356 4301 horr·-

213 4331 262 4373 m·

415 4362 437 4402 π
455 4366 534 4419 mm
551 4360 623 4419 snm
641 4352 886 4438 moneam
951 4373 1002 4411 ω*
1013 4374 1062 4440 rs]
1073 4376 1107 4426 ro
1120 4377 1170 4426 roeo
1186 4348 1227 4441 qu
1238 4364 1366 4443 ’μαῖα
1381 4397 1446 4433 ιιι.

382 4432 423 4484 60.
434 4434 462 4479 ud
473 4436 559 4483 unat.
919 4453 1071 4501 morantem,
1081 4446 1208 4508 mpead
1218 4444 1385 4510 Aquiloniam·

383 4566 385 4569 Ι
413 4494 570 4561 wopam
587 4499 642 4549 vu.
654 4510 705 4551 ne.
716 4500 757 4553 31.
773 4504 802 4551 aa
813 4516 833 4553 ι.
842 4503 885 4556 ³1.
