3175 5200
528 391 608 453 Llll.
622 389 677 452 IX,
702 391 848 454 CARW.
878 429 884 440 ·
1142 398 1197 454 sol

161 545 285 626 nursia,
311 547 530 626 consulebatur,
545 547 678 632 censuit,
688 547 727 610 ad
738 567 832 609 unum
847 566 952 610 onmes
961 546 1196 611 interficiendos.
1211 565 1281 636 [χο.
1292 585 1349 638 43,

163 633 238 704 Qua
262 634 314 694 ubi
344 645 407 696 tam
430 633 580 696 discordia
603 634 682 696 inter
705 655 748 710 se,
762 633 846 716 velut
867 654 906 694 ex
920 634 1047 716 ancipiti
1062 635 1196 714 oraculo,
1209 646 1283 699 Aac.
1292 650 1349 701 ³19.

163 739 307 801 responsa
325 719 500 796 datasunt3
523 739 705 800 quamquam
716 717 795 780 lilius
810 718 875 800 ipse
889 719 1039 802 inprimis
1048 717 1114 799 jam
1130 721 1196 782 ani-

163 823 248 865 mum
273 824 392 885 quoque
403 805 498 886 patris
517 804 706 866 consenuisse
725 802 901 866 in-adfecto
912 823 1039 886 corpore
1053 806 1193 886 rebatur'3

163 899 268 951 tamen
284 910 430 950 consensu
445 891 580 952 omnium
594 889 692 952 victus
717 900 773 967 est,
797 899 833 950 ut
857 889 955 972 ipsum
976 890 1007 950 in
1036 892 1195 954 consilium

165 973 290 1036 adciret.
334 971 400 1036 Nec
425 985 565 1056 gravatus
589 996 683 1036 senex
696 975 832 1056 plaustro
847 975 878 1035 in
893 989 993 1037 castra
1015 975 1125 1038 dicitur
1140 977 1195 1038 ad·

162 1070 277 1136 vectus,
291 1071 474 1141 vocatusque
490 1061 522 1121 in
536 1060 694 1122 consilium
717 1059 763 1122 its
787 1060 882 1121 terme
910 1060 1028 1122 locutus
1048 1082 1133 1206 desse,
1162 1073 1197 1126 ut

229 1145 239 1203 l
341 1193 346 1205 .
384 1146 390 1159 '
597 1180 600 1186 ,
678 1168 686 1184 ·
960 1166 992 1206 m
1030 1145 1089 1206 a''
1183 1169 1196 1210 z

161 1144 1197 1314 llssdoidnstd'tddrisilidfqtilddtdpetidrudraldlrssddretmcdumpotedlisiiido

154 1312 174 1372 .‘
189 1316 302 1398 populo
313 1337 366 1398 per
380 1317 486 1397 ingens
498 1317 675 1378 beneficium
685 1316 987 1399 perpetuamlirmare
997 1337 1104 1399 pacem
1119 1318 1197 1379 ami-

163 1398 174 1432 ‘
191 1401 370 1482 uitiumque:
392 1401 487 1464 altero
502 1403 630 1465 consilio
650 1403 681 1464 in
699 1403 809 1466 multas
822 1411 936 1479 etates,
950 1402 1067 1483 quibus,
1079 1404 1197 1464 amissis

163 1483 174 1515 ‘
189 1484 306 1547 duobus
321 1488 510 1564 exercitibus,
522 1488 603 1549 haud
617 1487 705 1549 focile
723 1497 880 1569 receptura
892 1488 969 1548 vires
985 1487 1127 1549 Romana
1149 1509 1195 1550 res

164 1568 396 1648 ‘esset,bellum
406 1573 542 1634 differre:
558 1573 682 1635 tertium
691 1572 806 1634 nullum
818 1572 976 1634 consilium
987 1572 1073 1635 esse,’
1094 1574 1196 1642 Quum

163 1655 250 1729 filius,
261 1656 372 1737 aliique
393 1659 544 1740 principes
557 1657 782 1741 percunctando
800 1669 1042 1738 exsequerentur,
1056 1658 1160 1728 ‘Quid
1171 1659 1196 1720 si

163 1739 174 1770 ‘
189 1741 291 1802 media
304 1743 352 1802 via
371 1743 486 1804 consilii
501 1754 657 1824 caperetur
669 1767 679 1819 ;
698 1754 731 1803 ut
746 1753 777 1803 et
786 1742 1008 1804 dimitterentur
1020 1743 1197 1823 incolumes,

163 1824 222 1886 ‘et
236 1826 316 1906 leges
332 1828 368 1887 iis
379 1824 447 1906 jure
462 1827 532 1889 belli
546 1828 632 1888 victis
646 1827 882 1910 inponerentur?
910 1828 970 1889 ista
981 1829 1101 1909 quidem
1126 1849 1195 1890 sen-

162 1909 306 1989 ‘tentia'
324 1912 431 1992 inquit,
455 1914 513 1974 ‘ea
526 1924 584 1990 est,
595 1933 660 1994 quse
674 1933 772 1994 neque
784 1913 898 1974 amicos
914 1926 1011 1994 parat,
1022 1933 1120 1994 neque
1136 1915 1196 1974 ini-

161 1995 284 2057 ‘micos
299 1997 388 2060 tollit.
405 1996 529 2060 Servate
544 1998 647 2076 modo,
666 2017 740 2078 quos
760 1997 927 2078 ignominia
944 1998 1138 2060 irritaveritis.
1161 2019 1199 2060 ee

161 2080 172 2113 ‘
186 2091 233 2142 est
247 2081 388 2144 Romana
397 2099 481 2164 gens,
496 2084 651 2163 quavicte
664 2085 818 2166 quiescere
832 2084 956 2144 nesciat.
975 2080 1066 2144 Vivet
1080 2104 1198 2165 semper

161 2165 220 2227 ‘in
231 2169 402 2248 pectoribus
418 2168 549 2244 illorum,
559 2167 703 2251 quidquid
712 2169 788 2230 istuc
803 2188 931 2249 presens
942 2169 1105 2229 necessitas
1115 2168 1197 2230 inus-

162 2249 279 2328 ‘serit3
301 2273 398 2335 neque
423 2274 475 2314 eos
494 2265 565 2314 ente
580 2253 761 2334 multiplices
781 2274 886 2335 poenas
907 2253 1056 2336 expetitas
1078 2274 1098 2315 a
1111 2255 1197 2315 vobis

162 2335 340 2418 ‘quiescere
361 2336 460 2400 sinet!
678 2411 683 2423 ‚

207 2419 261 2482 lV.
283 2419 402 2486 Neutra
434 2424 584 2485 sententia
629 2435 764 2506 accepta.
817 2423 1002 2499 Herennius,
1020 2426 1143 2488 do'mum
1166 2429 1198 2488 'e

163 2507 269 2568 castris
303 2519 350 2570 est
383 2521 515 2572 evectus.
558 2507 599 2571 Et
621 2509 652 2570 in
674 2509 779 2573 castris
802 2509 1062 2592 Romanisquu'm
1088 2513 1199 2573 lnrstra

161 2592 250 2653 multi
263 2604 388 2657 conanus
411 2594 451 2657 od
465 2595 684 2678 erumpendum
705 2597 785 2678 capti
809 2607 918 2674 essent,
938 2613 971 2661 et
984 2596 1197 2683 jamomnium
1226 2658 1236 2672 Ι

162 2697 261 2739 rerum
286 2680 389 2761 inopia
414 2694 514 2757 esset3
552 2681 624 2743 victi
648 2682 828 2745 necessitate
849 2682 964 2764 legatos
986 2685 1122 2762 mit'ttmt,
1144 2685 1195 2768 qui

160 2763 291 2843 primum
308 2786 414 2846 pacem
436 2786 551 2847 requam
574 2778 729 2847 peterent:
753 2768 778 2829 si
797 2790 905 2849 pacem
921 2779 981 2839 non
998 2770 1195 2852 inpetrarent,

161 2849 206 2909 uti
218 2862 415 2930 provocarent
426 2852 470 2913 ad
480 2872 624 2933 pugnam.
652 2848 732 2913 Tum
744 2852 898 2931 Pontius‚‘
913 2855 1095 2922 debellatum
1107 2856 1194 2936 esse,'
1207 2866 1303 2929 Lege..

161 2936 339 3016 respondit:
362 2938 425 3014 ‘et,
444 2938 587 3020 quoniam
602 2958 641 2998 ne
661 2938 733 2999 victi
745 2939 868 3017 quidem
887 2941 1019 3023 accepti
1040 2942 1194 3005 fortunam
1208 2930 1288 2980 9⁰¹¹&
1299 2930 1362 3011 ⁶³?
1467 3012 1470 3017 Ι

160 3018 275 3080 ‘fateri
290 3022 413 3097 scirent,
429 3022 556 3084 inermes
576 3042 646 3083 cum
672 3022 797 3102 singulis
810 3025 996 3087 vestimentis
1021 3028 1076 3088 sub
1085 3007 1237 3109 jugum·toe

161 3103 173 3135 ‘
187 3103 367 3167 missurum:
392 3106 466 3166 alias
481 3106 672 3169 conditiones
688 3108 772 3188 pacis
787 3130 888 3189 aequas
903 3110 991 3171 victis
1012 3131 1048 3171 ac
1069 3112 1193 3174 victori-

160 3188 172 3221 ⁶
187 3188 242 3249 lius
257 3188 343 3267 sore3
359 3189 401 3251 sir
412 3210 486 3271 agro
501 3186 683 3251 Samnitium
700 3191 905 3271 decederetur,
920 3196 1047 3256 colonie
1061 3198 1193 3260 abduce·

161 3274 172 3307 ‘
188 3286 300 3350 rentur,
315 3275 375 3337 suis
394 3275 504 3337 deinde
531 3276 647 3357 legibus
662 3275 834 3339 Romanum
863 3300 900 3340 ac
916 3277 1084 3342 Samnitem
1107 3304 1194 3365 aequo

160 3360 171 3393 ‘
185 3358 299 3421 foedere
313 3361 471 3423 victurum.
506 3358 565 3421 His
580 3361 805 3423 conditionibus
820 3377 959 3445 paratum
973 3386 1006 3429 se
1017 3387 1082 3428 esse
1093 3367 1192 3433 soedus

159 3445 170 3476 ‘
186 3465 255 3507 cunr
264 3445 435 3507 consulibus
450 3446 537 3508 ferire
547 3468 555 3507 r
566 3445 591 3507 si
600 3447 673 3528 quid
679 3469 780 3509 eorum
792 3449 962 3532 displiceat,
971 3451 1091 3533 legatos·
1097 3455 1192 3519 redire

160 3530 226 3593 ‘ad
249 3552 281 3591 se
308 3531 425 3593 vetuit!
463 3530 537 3595 Haec
567 3553 658 3613 quum
679 3534 792 3615 legatio
817 3537 1053 3616 renuntiaretur,
1088 3551 1191 3611 tantus

160 3617 291 3697 gemitus
300 3616 435 3678 omnium
456 3618 555 3679 subito
570 3630 692 3681 exortus
704 3632 761 3697 est,
777 3631 922 3703 tantaque
938 3624 1083 3687 moestitia
1093 3625 1190 3688 iaces,

160 3702 211 3781 sit,
226 3714 333 3764 utnon
345 3704 464 3784 gravius
476 3704 630 3785 accepturi
639 3705 820 3784 viderentur,
833 3708 857 3767 si
873 3710 1075 3787 nunciaretur,
1091 3712 1190 3773 omni·

158 3788 214 3851 bus
237 3810 273 3851 eo
293 3788 370 3863 loco
386 3801 514 3851 mortem
527 3790 730 3871 obpetendanr
746 3812 821 3853 esse.
843 3792 944 3862 Quum
964 3795 1016 3855 diu
1037 3796 1190 3858 silentium

48 3910 52 3915 ·
141 3874 274 3952 luisset,
289 3894 346 3935 nec
370 3874 508 3941 consules
523 3892 577 3937 aut
591 3896 646 3957 pro
669 3876 780 3941 foedere
795 3890 860 3940 tam
887 3881 977 3961 turpi,
1007 3894 1061 3942 aut
1084 3892 1191 3945 contra

59 4004 67 4011 -
159 3960 256 4023 loedus
278 3970 341 4021 tam
364 3962 565 4021 necessarium
591 3960 706 4025 hiscere
727 3975 850 4043 possent
862 3987 872 4041 ;
899 3976 965 4028 tum
984 3963 1019 4026 L.
1034 3964 1188 4045 Lentulus,
1201 3972 1301 4022 ιοιιωιο

158 4048 284 4129 quitum
314 4046 453 4128 princeps
483 4046 652 4127 legatorum
675 4049 786 4110 virtute
811 4062 903 4130 atque
932 4051 1096 4113 honoribus
1112 4064 1189 4130 erat,
1201 4039 1322 4089 'mim'

158 4134 169 4167 ‘
184 4132 304 4195 Patrem
317 4130 438 4207 meum,’
448 4131 557 4213 inquit,
570 4132 737 4212 ‘consules,
752 4156 831 4216 sepe
846 4135 946 4197 audivi
959 4148 1190 4217 memorantem,

159 4219 169 4251 ‘
185 4239 216 4280 se
241 4217 271 4279 in
286 4216 441 4299 Capitolio
455 4238 548 4279 unum
563 4237 625 4279 non
640 4218 730 4279 luisse
742 4232 898 4284 auctorem
909 4222 1027 4283 senatui
1038 4223 1190 4285 redimen-

158 4304 168 4337 ‘
183 4304 227 4367 ‹1ae
239 4322 312 4367 suro
324 4323 344 4364 a
364 4302 464 4369 Gallis,
473 4303 615 4381 civitatis,
630 4305 752 4384 quando
770 4326 828 4370 nec
843 4306 924 4369 fossa
938 4307 1077 4390 valloque
1089 4311 1128 4370 ab
1143 4310 1190 4391 ig-

476 4522 477 4525 ,
547 4448 641 4525 ‘ridel
653 4472 725 4525 Gran.
738 4476 806 4527 Cres.
