3175 5200
455 331 607 414 'mun
624 351 861 415 curemur.
1096 313 1101 320 ¹
1136 357 1201 416 sss·

153 507 270 571 lurnmio
284 509 464 592 proconsule
476 507 508 570 in
523 505 650 570 Samnio
671 506 960 591 gerebantbellum.
1004 501 1106 570 Primo
1119 522 1240 592 con-'0‘
1252 541 1281 594 c·
1292 547 1349 598 ⁴57.

42 601 43 618 ³
153 615 245 656 cursu
271 596 348 658 adeo
376 595 468 678 saquis
496 595 609 656 viribus
630 607 717 675 gesta
742 615 790 656 res
813 605 871 672 est,
896 605 942 672 ut,
973 593 998 654 si
1019 593 1349 662 -adnisssurscass

152 678 273 742 Etrusci
288 693 320 744 et
335 678 455 757 Umbri,
475 692 528 742 aut
546 681 578 741 in
598 681 675 758 acie,
697 691 750 742 sut
765 680 930 758 incastris,
954 699 1146 761 quocumque
1161 701 1202 744 se»

155 766 366 846 inclinassent,
382 765 562 848 accipienda
576 765 678 828 clades
693 765 793 828 fucrit.

199 849 346 914 XXVlll.
382 851 536 929 Ceterum,
569 869 752 933 quamquam
782 852 953 914 communis
982 852 1082 913 adlruc
1111 851 1199 916 Mars

155 937 227 999 belli
242 950 319 1016 erat,
334 937 464 999 necdum
480 936 641 999 discrimen
657 937 780 1001 fortuna
793 939 919 1016 lecerat,
942 957 1004 1018 qua
1025 939 1134 1000 datum
1150 940 1198 1000 vi-

156 1043 205 1084 res
234 1023 580 1104 esset‚·haudquaquam
607 1023 712 1086 similis
739 1043 843 1105 pugna
870 1026 901 1085 in
927 1023 1039 1085 dextro
1064 1024 1198 1105 laevoque

155 1129 250 1170 comu
275 1119 351 1172 erat.
396 1108 527 1171 Romani
545 1108 628 1192 apud
652 1107 779 1171 Fabium
804 1110 949 1172 arcebant
971 1110 1079 1190 magis,
1105 1130 1199 1192 quam

155 1193 337 1272 inferebant,
352 1215 502 1277 pugnsm3
528 1195 803 1276 extrahebaturque
829 1197 977 1277 in-quam
997 1196 1130 1257 maxime
1148 1215 1198 1256 se-

156 1299 225 1341 rum
240 1280 300 1342 diei
315 1293 491 1343 certamen:
514 1281 585 1362 quia
600 1281 646 1343 ita
659 1301 835 1364 persuasum
849 1294 917 1344 erat
931 1281 1013 1358 duci,
1029 1293 1062 1344 et
1075 1280 1199 1342 Samni·

156 1375 202 1427 tes
218 1376 249 1426 et
262 1363 367 1428 Gallos
386 1367 485 1449 primo
506 1366 613 1450 inpetu
633 1366 747 1429 feroces
768 1373 845 1445 esse,
865 1387 942 1448 quos
964 1366 1104 1429 sustineri
1124 1367 1200 1428 satis

157 1452 217 1528 sit;
238 1451 557 1534 longiorecertamine
571 1454 684 1514 sensim
706 1454 837 1516 residere
854 1451 1037 1514 Samnitium
1061 1446 1200 1514 animose

157 1533 315 1599 Gallorum
327 1537 450 1619 quidem
474 1540 566 1600 etiam
589 1559 719 1622 corpora
741 1539 1012 1602 intolerantissima
1024 1538 1137 1600 laboris
1150 1549 1200 1599 at·

158 1633 317 1704 quoactus
332 1623 463 1701 ’fluerc;
487 1626 644 1707 primaque
665 1645 770 1689 eorum
795 1625 902 1707 proelia
924 1625 991 1706 plus
1012 1644 1103 1704 quam
1118 1624 1199 1684 viro·

156 1727 235 1786 ruma,
257 1720 411 1790 postrema
434 1710 532 1771 minus
553 1729 645 1790 quam
667 1711 847 1771 feminarum
862 1729 938 1770 essc.
983 1707 1018 1768 ln
1033 1709 1065 1770 id
1080 1721 1200 1790 tempus

157 1793 261 1872 igitur,
283 1813 344 1874 quo
358 1795 438 1856 sinui
461 1795 579 1856 solebat
593 1795 700 1872 hostis,
716 1815 807 1876 quam
821 1795 1032 1876 integerrimus
1046 1794 1125 1854 vires
1139 1795 1200 1856 mi·

156 1877 202 1940 liti
232 1879 378 1940 servulum.
430 1877 570 1940 Ferocior
597 1877 709 1942 Decius
734 1891 767 1942 et
788 1891 877 1942 aetate
902 1890 936 1941 et
963 1880 1067 1960 vigore
1092 1879 1200 1956 animi,

158 1975 435 2044 quantumcumque
456 1965 564 2026 virium
591 1965 706 2042 habuit,
732 1966 897 2026 certamine
910 1965 1010 2046 primo
1024 1963 1140 2025 effudit.
1155 1975 1199 2040 et,

158 2050 231 2128 quia
254 2049 364 2111 lentior
389 2049 547 2112 videbatur
571 2049 718 2131 pedestria
744 2069 858 2133 pugna,
882 2050 1053 2131 equitatum
1068 2049 1099 2110 in
1121 2068 1200 2129 pug-

158 2153 233 2194 nam
245 2135 400 2196 concitat:
424 2146 457 2196 et
479 2135 556 2215 ipse,
579 2134 749 2198 fortissimae
760 2135 905 2217 juvenum
920 2146 1027 2196 turmas
1042 2134 1199 2212 iuminms,

159 2222 779 2386 milltttilzllulliil
791 2231 1101 2367 ’ἒῖΐὶἱέἒῖῗὲ
1113 2219 1211 2367 li

159 2390 262 2470 equite
280 2389 408 2452 victoria
427 2390 564 2472 incipiat.
607 2387 661 2452 Bis
686 2402 822 2452 avertere
844 2388 997 2452 Gallicum
1019 2391 1201 2472 equitatum.

157 2474 268 2538 iterum
283 2475 402 2556 longius
417 2487 549 2552 evectos,
573 2487 605 2538 et
625 2474 691 2558 jum
706 2475 904 2538 intermedia
922 2477 1059 2557 equitum
1077 2477 1200 2556 agmina

157 2561 297 2643 proelium
320 2562 447 2639 cientes,
471 2581 583 2623 novum
604 2581 712 2645 pugnae
735 2562 901 2625 conterruit
921 2581 1038 2645 genus:
1061 2561 1207 2624 ‘essedis'

157 2648 310 2729 carrisque
325 2659 500 2730 superstans
514 2660 648 2711 armatus
674 2650 771 2711 hostis
798 2649 916 2731 ingenti
938 2650 1039 2711 sonitu
1053 2668 1209 2730 equorum-

158 2744 353 2815 rotarumque
382 2732 516 2813 advenit,
545 2744 577 2795 et
604 2733 742 2797 insolitos
771 2732 836 2816 ejus
865 2735 1012 2797 tumultus
1041 2733 1199 2795 Romano-

158 2836 226 2880 rum
244 2819 411 2881 conterruit
432 2838 535 2901 equos.
579 2817 628 2882 lta
648 2820 795 2882 victorem
818 2821 988 2901 equitatum
1014 2819 1098 2882 velut
1120 2819 1200 2904 lym-

156 2904 300 2987 phaticus
313 2924 408 2986 pavor
420 2904 566 2986 dissipate
589 2906 696 2967 sternit
721 2905 793 2966 inde
815 2916 936 2967 ruentes
949 2924 1044 2987 equos
1057 2904 1199 2985 virosque

155 2988 314 3069 inprovida
329 2988 410 3067 fruge.
452 2986 590 3049 'herbata
606 2990 678 3049 hinc
699 2990 793 3051 etiam
808 2990 897 3070 signa
918 2990 1093 3069 legionum:
1117 2989 1198 3049 mul·

156 3073 242 3153 tique
255 3073 367 3153 inpetu
392 3091 535 3153 equorum
557 3092 594 3135 ac
615 3074 822 3135 vehiculorum
843 3086 999 3155 raptorum
1018 3094 1073 3156 per
1087 3092 1198 3154 agmen

157 3157 265 3219 obtriti
278 3158 488 3239 antesignanis
511 3169 545 3219 et
558 3159 704 3237 insecuta,
726 3159 816 3220 simul
840 3160 963 3222 territos
983 3160 1088 3221 hostes
1107 3156 1198 3235 vidit,

157 3240 278 3305 Gallica
291 3244 373 3305 acies
386 3244 503 3305 nullum
517 3245 649 3326 spatium
673 3244 841 3329 respirandi
855 3245 1080 3327 recipiendique
1094 3264 1127 3305 se
1141 3243 1198 3305 de·

158 3328 216 3391 dit.
259 3326 425 3391 vociferari
453 3328 578 3407 Decius,
603 3330 694 3401 ‘Quo
717 3330 875 3413 fugerem?
905 3350 1033 3411 quamve
1062 3330 1095 3391 in
1124 3329 1200 3411 fuge

158 3414 270 3495 ‘spem
297 3413 482 3477 habereutl’
505 3416 651 3478 obsistere
664 3416 853 3494 cedentibus,
875 3436 912 3478 ae
933 3434 1075 3479 revocare
1104 3415 1199 3477 fusos.

157 3498 278 3578 deiude,
298 3510 334 3562 ut
362 3500 490 3563 uallari
514 3501 667 3585 percttlsos
691 3502 839 3565 sustinere
866 3513 996 3585 poteret,
1018 3514 1139 3585 patrem
1163 3500 1196 3563 P.

58 3620 62 3631 ·
156 3582 288 3647 Decium
302 3586 426 3648 nomine
439 3587 636 3671 compellans,
651 3587 752 3659 ‘Quid
770 3588 853 3649 ultra
866 3587 990 3667 moror,'
1004 3588 1114 3670 inquit,
1129 3588 1196 3649 ‘ia-
1208 3608 1295 3659 natm.
1304 3626 1331 3663 η
1345 3598 1349 3604 ’
1369 3663 1372 3669 ¹

152 3668 300 3733 *miliare
314 3672 432 3735 latomi
457 3672 563 3735 datum
587 3673 647 3735 hoc
669 3685 776 3749 nostro
795 3674 901 3755 generi
921 3686 980 3751 est,
1004 3678 1059 3736 'ut
1077 3673 1314 3735 luendisdevovet·
1444 3702 1448 3707 ·

156 3756 323 3843 ‘periculis
337 3758 463 3841 publicis
477 3758 598 3843 piacula
611 3758 715 3822 simus.
758 3758 831 3822 Jam
853 3779 913 3842 ego
928 3778 1047 3821 mecum
1063 3758 1197 3821 hostium

189 3997 228 4031 θ’
239 3994 334 4065 Pluere]
346 3996 413 4059 labi,
426 3998 493 4057 solui,
504 3998 659 4061 cadentiqu-
691 4000 720 4047 sd
738 4014 838 4065 pugnam
855 4014 922 4061 usus,
938 3999 965 4049 'ut
982 4014 1014 4051 ex
1027 4000 1073 4049 hot
1088 3997 1140 4048 locs
1155 4012 1199 4065 ps·
1294 4034 1297 4039 -

156 4058 334 4112 cimericum.
350 4063 661 4128 tupi-nussufiam
691 4074 735 4114 tet.
919 4096 924 4103 ·

149 4127 539 4188 jalmitslissulrmstimu.
724 4127 1199 4191 stultisssimum-tussis·

189 4191 455 4255 ’Μαι-τὴν]
482 4192 586 4241 Μαι
611 4203 662 4242 erut
692 4192 1198 4256 submutui-uquam

157 4252 258 4305 nhimli
271 4256 308 4304 sel
321 4271 401 4305 eunus
417 4272 497 4319 genus.
512 4273 526 4305 e
542 4272 589 4321 quo
604 4273 662 4321 μς-
692 4256 800 4315 mn,
817 4256 940 4305 dauthar·
955 4259 986 4306 sd
1002 4258 1111 4308 luendam
1126 4256 1213 4312 dein}

157 4319 333 4369 saesdema·
348 4320 512 4371 mucelli
527 4332 554 4371 st
570 4322 662 4371 lirinen-
693 4323 759 4381 usta.
774 4333 804 4370 et
821 4322 851 4369 sd
865 4322 998 4385 «adpisuds
1012 4323 1126 4387 capitibus
1143 4334 1198 4369 aas·

157 4382 192 4431 ul.
232 4383 308 4433 θεὴ
333 4385 497 4449 impedimus
526 4387 735 4451 plsmnqusrtris
756 4386 860 4452 pericula
887 4402 939 4452 que
960 4388 1082 4453 apelles
1108 4388 1199 4451 ’πμ-

156 4446 458 4517 ttllslsumsqssnffnm
473 4464 595 4505 etenum
612 4463 674 4503 «sta
693 4451 765 4505 deut.-
