3175 5200
408 385 428 440 8
811 384 895 447 'l'l'l'l
914 384 1014 448 mvn

410 545 447 609 de
462 545 477 586 ¹²
493 545 575 611 fama
590 561 657 613 este
682 551 732 613 alii
747 552 855 636 proelio
876 553 988 616 victum
1010 550 1152 615 latinum
1174 569 1282 635 pacem
1304 569 1375 613 cum
1397 547 1456 614 AE·

409 653 478 712 nea,
506 635 615 698 deinde
638 637 829 701 adfinitatem
846 639 983 720 junxisse
1013 641 1163 705 tradunt:
1199 638 1261 716 alii,
1287 657 1380 721 quum
1406 659 1455 699 rn-

410 732 532 784 structae
556 723 636 786 acies
659 725 876 806 constitissent,
897 728 1070 810 priusquam
1093 726 1181 806 signa
1206 736 1360 804 cancrent,
1382 747 1454 808 pro-

411 807 536 870 cessisse
551 806 692 871 lntinum
708 811 787 874 inter
808 813 965 896 primores,
988 813 1156 894 ducemque
1177 814 1359 875 advenarum
1381 833 1455 874 evo·

411 913 496 956 essse
522 894 562 956 ad
582 897 799 978 conloquium3
830 913 1060 983 percunctatum
1086 898 1206 980 deinde,
1232 899 1283 981 qui
1309 899 1453 962 mortales

411 992 522 1058 essent,
544 982 634 1062 unde,
656 995 710 1045 aut
735 1005 794 1066 quo
820 1007 892 1050 casu
912 988 1041 1071 proiecti
1063 986 1165 1065 domo,
1187 985 1295 1068 quidve
1317 1006 1452 1067 quaeren·

410 1076 457 1128 tes
474 1065 504 1126 in
519 1087 624 1148 agrum
644 1066 827 1135 Laurentem
848 1075 980 1137 exissent
989 1074 1001 1136 i
1003 1085 1194 1222 &postquam
1212 1071 1453 1173 audieritomul·

410 1151 573 1215 titudinem
593 1151 741 1238 'I'rojar‘ros
760 1179 825 1220 esse
836 1181 847 1239 ;
876 1161 985 1223 ducem
1046 1181 1135 1237 nean,
1156 1158 1251 1220 lilium
1266 1158 1407 1220 Anchisae
1421 1171 1453 1220 et

409 1233 557 1317 Veneris,
590 1256 725 1306 cremata
738 1246 839 1328 patris
859 1261 891 1311 et
916 1248 1009 1310 domo
1025 1246 1169 1330 profugos
1191 1245 1294 1307 sedem
1317 1246 1452 1307 conden-

410 1323 515 1406 daeque
538 1326 606 1390 urbi
625 1323 727 1392 locum
749 1352 889 1414 quarere,
912 1347 944 1397 ct
963 1334 1153 1396 nobilitatem
1172 1331 1355 1394 admiratum
1376 1353 1452 1416 gen·

409 1410 450 1472 tis
468 1409 593 1494 virique,
614 1426 648 1492 et
666 1418 800 1480 animum
817 1420 863 1481 vel
885 1420 964 1482 bello
985 1421 1033 1483 vel
1054 1420 1122 1504 paci
1144 1431 1296 1502 parsurm,
1326 1419 1452 1482 dextera

408 1495 484 1558 data
513 1496 605 1560 fidem
639 1502 744 1566 futurae
769 1506 910 1568 amicitiae
935 1509 1079 1570 sanxisse.
1133 1505 1208 1569 lnde
1232 1506 1329 1568 foedes
1355 1507 1450 1568 ictum

407 1581 489 1645 inter
515 1584 616 1665 duces,
645 1589 723 1652 inter
751 1595 900 1656 exercitus
928 1593 1141 1658 salutationem
1160 1594 1286 1656 sacam
1329 1589 1450 1654 AEnean

406 1669 490 1750 apud
510 1667 653 1735 Latinum
675 1675 765 1740 fuisse
785 1680 816 1740 in
837 1679 981 1763 hospitio.
1002 1678 1044 1743 ibi
1061 1679 1203 1743 latinum
1223 1681 1304 1762 apud
1322 1678 1449 1742 Penates

376 1759 380 1780 ·’
408 1751 492 1818 Deos
516 1753 717 1824 domesticum
740 1765 863 1848 publico
885 1766 1057 1849 adjunxisse
1080 1767 1189 1846 foedus,
1211 1767 1275 1829 filia
1292 1765 1398 1829 AEnes·
1417 1768 1449 1831 in

409 1841 636 1908 matrimonium
659 1849 742 1914 data.
765 1873 803 1913 ea
829 1873 876 1916 res
902 1853 1008 1936 utique
1031 1852 1173 1938 Trojsnis
1199 1874 1283 1938 spem
1307 1853 1449 1918 adlinnat

408 1929 533 1992 tandem
565 1933 666 1996 stabili
700 1947 842 2021 'certaque
875 1940 946 2002 sede
972 1939 1097 2003 liniendi
1126 1941 1245 2004 erroris.
1293 1939 1448 2024 Qipidum

408 2015 553 2081 condunt.
615 2017 729 2086 AEneas
760 2026 799 2087 ab
828 2027 951 2093 nomine
980 2025 1081 2090 uxoris
1114 2024 1270 2090 lovinium
1303 2028 1449 2111 adpellat.

406 2096 494 2164 Brevi
515 2105 606 2188 stirps
629 2126 747 2192 quoque
768 2112 861 2175 virilis
881 2135 920 2176 ex
938 2128 1019 2176 novo
1043 2115 1237 2178 matrimonio
1255 2114 1334 2193 fuit,
1365 2115 1448 2176 ‘eui

336 2248 345 2266 ,
405 2184 571 2254 Ascanium
586 2207 725 2276 parentes
739 2197 842 2262 dixere
856 2221 977 2264 nomen.

449 2269 489 2337 ll.
525 2275 612 2342 Bello
648 2283 757 2346 deinde
792 2285 974 2370 Aborigines
1007 2285 1191 2372 Trojanique
1227 2287 1314 2350 simul
1346 2286 1447 2371 petiti.

403 2357 523 2423 Tunius
549 2385 601 2427 rex
627 2365 818 2450 Rutulorum,
847 2374 895 2435 cui
922 2387 1014 2459 pacta
1038 2373 1165 2439 lavinia
1186 2387 1257 2438 ante
1283 2375 1445 2437 adventum

403 2441 512 2508 AEneae
538 2447 645 2530 luerat,
673 2457 830 2536 praelatum
855 2460 912 2521 sibi
936 2457 1081 2524 aduenam
1106 2483 1183 2543 aegre
1205 2463 1335 2544 patiens,
1357 2461 1445 2523 simul

403 2525 510 2592 AEneae
538 2529 707 2621 Latinoque
729 2543 842 2607 bellum
867 2546 1019 2611 intulerat.
1063 2546 1178 2611 Neutra
1202 2547 1282 2611 acies
1312 2548 1382 2610 leta
1407 2569 1446 2611 cx

403 2634 441 2676 eo
463 2620 629 2685 certamine
653 2627 752 2689 abiit:
782 2630 854 2693 victi
869 2630 996 2696 Rutulis
1028 2634 1158 2698 victores
1171 2634 1350 2715 Aborigines
1364 2634 1445 2698 'l'ro-

397 2696 525 2784 janique
547 2706 656 2771 ducem
681 2710 825 2779 latinum
849 2714 986 2783 amisere.
1030 2720 1105 2784 lnde
1128 2720 1247 2784 'llsrnus
1268 2720 1445 2804 Rutulique,

235 2796 379 2879 Mansuetus,
401 2786 489 2851 diffisi
515 2792 612 2873 rebus,
635 2798 675 2859 sd
701 2798 842 2865 florentes
867 2803 1062 2869 Etmscomm
1088 2830 1161 2893 opes
1187 2807 1445 2891 Memmiumque,

400 2895 504 2939 eorum
520 2899 633 2961 regem,
656 2884 854 2969 confugiunt3
878 2893 939 2975 qui,
958 2892 1067 2965 ⁷Caere
1081 2895 1226 2978 opulento
1242 2906 1307 2958 tum
1331 2896 1444 2978 oppido

400 2958 587 3043 imperitans,
606 2964 673 3049 ja'nr
696 2970 767 3035 inde
792 2976 832 3036 ab
855 2976 944 3040 initio
967 2980 1092 3043 minime
1116 2981 1202 3044 loetus
1224 3002 1309 3044 novre
1327 2982 1444 3063 origine

399 3047 491 3126 urbis,
523 3064 555 3113 ct
579 3064 644 3116 tum
666 3056 762 3120 nimio
785 3062 864 3144 plus,
887 3084 978 3145 quam
998 3067 1072 3129 satis
1095 3080 1196 3131 tutum
1218 3079 1300 3130 esset
1317 3068 1443 3146 adeolis,

399 3154 463 3195 rem
476 3133 643 3221 Trojanam
658 3164 791 3208 crescere
808 3161 901 3228 ratus,
923 3151 1005 3214 haud
1019 3156 1168 3234 gravatim
1181 3154 1265 3217 socia
1278 3174 1364 3217 arma
1378 3152 1443 3217 llu-

397 3219 467 3283 tulis
483 3221 599 3304 junxit.
641 3225 770 3311 AEneas,
792 3234 933 3298 adversus
955 3240 1033 3301 tanti
1056 3240 1127 3302 belli
1153 3252 1297 3304 terrorem
1318 3253 1353 3305 ut
1375 3243 1442 3304 ani·

396 3325 463 3368 mos
478 3308 677 3395 Aboriginum
693 3318 751 3380 sibi
766 3320 953 3403 conciliaret,
975 3326 988 3363 ⁰
1002 3345 1042 3387 ne
1055 3327 1111 3388 sub
1125 3328 1233 3390 eodem
1251 3326 1320 3410 jure
1333 3330 1442 3410 solum,

273 3392 303 3408 '¹
396 3392 450 3453 sed
472 3397 566 3459 etiarn
589 3403 730 3484 nomine,¹
747 3426 852 3469 omnes
873 3420 985 3488 essent,
1007 3410 1132 3475 latinos
1145 3427 1304 3499 utramque
1317 3434 1442 3501 gentem

395 3475 568 3558 adpellavit.
612 3484 679 3547 Nee
704 3489 813 3554 deinde
835 3492 1018 3577 Aborigines
1040 3497 1181 3581 Trojanis
1204 3502 1305 3566 studio
1318 3527 1356 3567 sc
1381 3507 1442 3570 lide

394 3580 467 3642 erga
481 3584 582 3647 regem
598 3567 718 3635 AEnean
734 3596 868 3643 cessere:
893 3582 1046 3665 fretusque
1065 3585 1112 3647 bis
1135 3588 1244 3651 animis
1266 3590 1442 3655 coalesceb-

393 3647 470 3710 tium
494 3651 524 3715 in
549 3654 613 3717 dies
637 3662 733 3743 magis
756 3665 884 3730 duorum
907 3670 1086 3753 populorum
1108 3670 1235 3757 AEneas,
1258 3698 1440 3761 quamquam

392 3742 480 3800 tante
503 3739 610 3823 opibus
635 3742 758 3813 Etnuia
783 3765 860 3832 erat,
892 3767 929 3817 ut
947 3753 1016 3839 jam
1043 3779 1106 3823 uon
1130 3772 1226 3825 terras
1249 3766 1359 3845 solum,
1386 3768 1441 3831 sed

784 3930 797 3967 l
811 3935 888 3989 sris&
897 3937 970 3992 Gron.
981 3940 1051 3996 Cres.

423 4050 498 4129 ’.Ου’
509 4058 641 4131 Amorum]
662 4064 754 4118 Vocem
770 4074 809 4122 oti
822 4074 900 4129 abesse
931 4096 980 4130 reso
989 4082 1055 4135 Care
1064 4086 1114 4147 jam
1123 4098 1171 4136 non
1182 4087 1318 4153 opulentm
1331 4094 1440 4158 <widun

391 4116 546 4178 squsbusdam
555 4132 897 4197 rcripdrteststurGrooorins.
929 4159 987 4197 erat.
1019 4149 1146 4203 emaum
1164 4164 1255 4205 nusum
1273 4158 1441 4220 cuderem·

390 4178 457 4230 ldem
475 4186 503 4233 de
520 4204 568 4237 uno
583 4212 596 4243 a
613 4212 638 4247 sc
654 4196 761 4262 inspecto
783 4202 899 4260 Humius
929 4211 1049 4275 sorbens,
1063 4214 1114 4268 lv.

390 4244 499 4297 :ffirmas
532 4253 599 4307 Unus
616 4278 707 4327 quoque
718 4282 732 4315 e
743 4270 825 4318 omnis
836 4268 898 4325 illam

388 4324 437 4420 3¹⁰¹!
455 4312 555 4365 efflet·
586 4322 647 4377 Sans
664 4328 742 4381 Livius
816 4335 833 4385 't
852 4337 897 4390 boo
960 4344 1005 4378 Η
1022 4344 1058 4397 Ne
1076 4348 1117 4396 nel
1136 4351 1209 4400 cedas
1217 4350 1288 4417 jure]
1306 4354 1342 4404 Ut
1352 4312 1439 4405 nono

398 4390 441 4424 ⁰⁰⁰
461 4393 595 4445 P¹⁰¹¹⁰mtn2
610 4402 637 4439 ut
648 4410 720 4461 ¹sepe
743 4398 808 4461 εὐ,
827 4404 896 4468 omit·
926 4406 977 4457 lum
995 4413 1078 4463 eodem
1095 4414 1192 4480 imperio
1207 4418 1337 4480 iisdemque
1350 4419 1438 4482 legibus

389 4448 535 4575 “llam
549 4517 651 4583 suno
665 4520 715 4577 su
729 4528 818 4602 spus]
834 4530 895 4599 un
925 4482 1117 4614 ffiissf‘d
1127 4481 1385 4540 mmmm
1393 4501 1439 4557 ⁸⁰³
