3175 5200
373 308 428 423 ne
606 358 689 421 rm
707 355 809 425 mvn
829 354 899 421 us
921 354 963 419 11.
981 354 1166 420 cunum.

236 550 284 599 ,ὓ
294 547 350 599 286.
374 518 478 583 ituros.
522 516 604 581 Dum
621 525 778 579 cunctsmr
800 513 917 592 conml,
943 510 1052 579 virtute
1066 514 1197 579 militum
1212 514 1317 598 fretus,
1344 519 1412 583 loco

232 612 348 667 .c.466.
374 628 481 691 perum
507 606 612 682 fideus,
638 604 833 666 conclament
851 623 884 664 se
909 602 1021 665 ituros:
1043 601 1268 687 clamoremque
1294 627 1341 667 res
1366 619 1414 671 est

246 698 249 705 '
374 708 489 758 secute.
524 691 615 755 'Finis
631 690 662 751 irr
685 704 797 751 terram
811 689 890 773 pilis,
912 709 972 772 quo
986 690 1110 753 leviores
1131 691 1227 753 ardue
1240 692 1412 775 evaderent,

373 802 462 845 cursu
475 780 613 841 subeunt.
637 824 641 829 .
659 772 798 853 Volscus,
820 776 921 838 effusis
935 776 975 838 ad
989 778 1120 860 primum
1138 778 1276 860 inpetum
1290 780 1411 843 missili·

371 869 427 933 bus
442 866 520 943 telis,
546 884 620 925 saxo
640 860 814 945 obiacentia
828 862 954 945 pedibus
973 864 1084 945 ingerit
1104 863 1137 926 iu
1151 866 1325 946 subeuntes,
1346 878 1411 931 tur-

371 955 517 1034 batosque
538 949 648 1013 ictibus
670 948 782 1011 crebris
804 961 891 1032 urget
919 970 959 1012 ex
982 950 1133 1033 superiore
1154 952 1234 1015 loco.
1259 954 1302 1016 sic
1317 969 1415 1038 prope‘

371 1049 528 1102 oneratum
544 1048 590 1099 est
613 1037 767 1099 sinistmm
782 1035 928 1099 Romanis
950 1058 1056 1115 cornu,
1075 1038 1107 1099 ni
1130 1038 1325 1103 referentibus
1341 1040 1410 1123 jam

370 1126 497 1208 gradum
507 1122 628 1202 consul,
655 1123 953 1207 increpdnd0·simul
978 1124 1192 1205 temeritatem,
1218 1127 1307 1189 simul
1322 1128 1408 1209 igna-

368 1214 459 1291 uiam,
475 1210 591 1295 pudore
612 1222 728 1273 metum
750 1210 941 1272 excussisset.
983 1208 1135 1273 Restitere
1155 1211 1253 1296 primo
1274 1214 1410 1277 obstinu-

370 1301 410 1362 tis
425 1298 554 1361 animis:
571 1296 692 1377 deinde,
709 1301 735 1348 ⁶⁵-
748 1308 784 1360 ut
798 1298 852 1358 in¹
867 1296 1041 1359 obtinentes
1055 1297 1158 1360 locum
1171 1299 1248 1360 vires
1262 1300 1410 1382 serebant,

370 1387 485 1450 sudent
498 1386 577 1448 ultro
592 1385 719 1468 gradum
734 1383 862 1463 inferre3
880 1393 924 1461 et,
940 1382 1072 1446 clamore
1094 1392 1252 1465 renovato,
1272 1406 1410 1451 commo·

369 1472 562 1537 rentsciem.
579 1482 648 1533 ‘tum
671 1492 780 1550 rursus,
807 1470 912 1554 inpetu
933 1480 1035 1554 copto,
1050 1470 1223 1550 enituntur,
1244 1484 1335 1555 atque
1356 1488 1417 1536 ex·'

370 1570 513 1643 superant
533 1558 725 1640 iniquitatem
747 1558 818 1621 loci.
860 1555 932 1619 Jam
954 1578 1049 1640 prope
1063 1570 1140 1633 erat,
1163 1559 1244 1622 utin
1259 1580 1411 1625 summum

371 1647 440 1711 cliui
457 1646 566 1729 jugum
583 1644 754 1723 evaderent,
777 1665 870 1727 quum
885 1654 972 1726 terga
986 1645 1088 1707 hostes
1105 1644 1233 1707 dederet
1258 1646 1410 1729 effusoque

370 1755 458 1797 cursu
478 1754 554 1815 pene
578 1732 699 1815 agmine
722 1753 784 1794 uuo
807 1731 957 1813 fugientes
979 1742 1195 1813 sequentesque
1211 1734 1316 1795 cestris
1331 1735 1408 1796 inci-

371 1820 452 1883 dere.
497 1818 532 1882 in
556 1841 593 1882 eo
615 1840 726 1903 pavore
750 1829 850 1904 castro
873 1817 1042 1900 capiuntur.
1065 1818 1117 1899 qui
1137 1815 1316 1881 Volscorum
1331 1822 1408 1883 effu&

370 1928 441 1990 gere
467 1918 640 1990 pomerium,
663 1904 789 1967 Antium
803 1916 931 1989 petunt.
973 1903 1100 1967 Antium
1122 1917 1155 1966 et
1176 1904 1331 1967 Romanus
1352 1920 1417 1969 ex-'

371 1994 480 2057 orcitus
491 1994 621 2057 duetus:
648 2012 760 2076 paucos
787 1991 1015 2055 circumsessum
1042 1992 1105 2053 dies
1129 1991 1260 2071 deditur,
1285 1996 1408 2057 ΜΞηιιΙΙα

370 2080 611 2164 obpugnantium
625 2100 704 2142 nova
717 2079 768 2158 vi3
792 2079 848 2143 sed
862 2079 944 2160 quod
963 2078 1029 2161 jour
1042 2078 1113 2143 inde
1127 2078 1166 2145 nb
1180 2078 1292 2144 infelici
1307 2101 1408 2165 pugno

371 2168 537 2251 castrisque
551 2167 668 2231 emissis
683 2165 856 2231 ceciderant
869 2164 972 2231 enimi.
1060 2200 1065 2209 ·

520 2304 778 2405 turesooerjmp.
799 2338 1083 2389 osouemmocum
1100 2336 1248 2391 usum.

402 2460 424 2495 ⁵⁵
443 2460 475 2509 Ut
489 2463 515 2510 iu
534 2454 653 2513 annm
669 2464 738 2511 lorum
763 2465 818 2513 viror
834 2463 875 2529 so·
938 2461 960 2497 ⁵⁶
981 2461 998 2491 ‘
1018 2461 1090 2512 Notio
1107 2466 1280 2530 oppugnemus·
1298 2480 1353 2514 mor
1373 2465 1406 2529 ω’]

368 2525 455 2587 robert]
477 2524 611 2592 *Postquam
632 2528 691 2577 viror
708 2528 791 2578 dabant
811 2533 874 2579 iura·
905 2528 962 2577 Non
979 2529 1039 2592 quod
1060 2529 1119 2577 rire·
1140 2528 1294 2580 Remorum
1315 2530 1410 2596 majores

369 2592 423 2638 dere
445 2592 546 2658 bostem,
569 2596 609 2660 qui
637 2596 776 2662 superiorem
796 2595 874 2649 locum
905 2605 963 2644 tunc
983 2607 1060 2644 ment
1084 2611 1152 2659 quem
1173 2595 1247 2661 priore
1273 2613 1340 2655 anuo,
1365 2615 1410 2664 quo

367 2655 492 2707 obtinebat.
906 2661 1255 2728 Anuumoppugnrrerurtnon
1263 2663 1360 2714 menne
