3175 5200
436 344 604 408 Vlsns'r
625 343 817 410 HISTORIA
835 348 938 410 ROM.
1160 369 1215 410 xxr
1346 356 1349 366 '

168 506 180 542 ‘
197 496 453 587 veromirum,
470 501 501 576 si
527 500 645 579 literis
662 501 801 577 nostris
816 503 922 576 abest
937 499 1103 590 historia,
1122 509 1161 574 et
1187 527 1209 576 a

166 607 178 640 ‘
196 599 330 672 nostris
347 598 559 674 hominibus
574 601 696 676 adhuc
712 610 778 674 aut
790 601 963 698 ignorata
980 610 1052 690 est,
1068 609 1134 680 aut
1150 624 1208 672 re-

165 696 297 772 ‘licta
346 699 416 772 Est
431 698 532 774 enim
549 724 645 798 opus
672 723 792 778 unum
809 699 881 774 hoc
902 702 1103 774 oratorium
1128 722 1208 772 ma-

164 802 177 837 ‘
191 797 316 872 xime:
344 805 384 872 et
399 821 513 872 nemu
529 798 657 875 studet
668 797 894 897 eloquentia
909 808 1124 873 nostrorum
1139 796 1206 870 ho-

166 903 177 938 ⁸
194 896 353 984 minum,
384 895 456 970 nisi
472 898 572 972 utin
599 897 721 972 causis
737 908 854 994 atque
880 894 920 971 in
948 897 1029 972 foro
1050 900 1205 972 eluceat.

164 995 306 1094 ‘Apud
324 995 475 1072 Groecos
493 1005 620 1072 autem
636 991 937 1094 eloquentissimi
951 995 1134 1086 homiues,
1149 1009 1209 1068 re-

165 1098 178 1133 ‘
195 1093 289 1169 moti
302 1120 326 1170 a
337 1094 458 1170 causis
474 1094 699 1186 forensibus,
717 1119 838 1192 quum
854 1094 903 1167 ad
920 1101 1063 1167 ceteras
1079 1118 1137 1167 res
1154 1093 1210 1166 in-

164 1198 176 1231 ‘
193 1193 343 1284 lustres,
359 1201 443 1269 tum
460 1193 508 1268 sd
525 1194 763 1270 scribendam
779 1191 973 1267 historiam
990 1192 1155 1266 maxime
1172 1216 1212 1265 se

164 1296 176 1332 ‘
190 1291 484 1389 adplicaverunt.
509 1291 596 1390 lpsa
609 1291 806 1382 Herodoti,
820 1289 884 1386 qui
900 1292 1075 1388 princeps
1088 1314 1211 1394 genus

165 1389 268 1464 ‘hoc
294 1389 453 1480 ornavit,
480 1389 692 1488 eloquentia
716 1414 777 1462 me
802 1388 956 1484 quidem
978 1412 1211 1485 magnopere

166 1487 372 1564 ‘delectae
419 1487 472 1562 Et
485 1497 573 1585 post
599 1487 708 1561 illum
732 1486 974 1583 Thucydides
994 1510 1127 1560 omncs
1155 1485 1210 1559 di-

165 1587 306 1664 ‘cendi
322 1583 488 1673 artificio,
517 1609 603 1660 mea
630 1586 828 1672 sententia,
854 1585 963 1660 facile
988 1584 1104 1670 vieit3
1145 1583 1211 1682 qui

168 1684 252 1759 ‘itu
279 1684 408 1758 creber
436 1693 494 1758 est
522 1709 648 1760 rerum
675 1683 897 1781 frequentia,
932 1692 975 1758 ut
1005 1685 1210 1758 verborum

165 1789 308 1880 ‘prope
345 1806 548 1858 numerum
582 1783 852 1858 sententiarum
884 1807 1044 1858 numero
1078 1805 1211 1856 conse-

164 1887 356 1978 ‘quatur;
395 1880 447 1954 ita
469 1906 581 1980 porro
609 1882 732 1957 verbis
764 1889 874 1978 aptus
908 1893 947 1955 et
968 1905 1132 1981 pressus,
1166 1890 1212 1954 ut

163 1979 347 2070 ‘nescias
364 1987 492 2054 utrum
508 2004 568 2054 res
595 1981 774 2069 oratione,
801 2005 851 2054 an
875 1981 991 2054 verba
1016 1979 1212 2055 sententiis

165 2079 451 2153 ‘inlustrentun
519 2079 668 2153 Deinde
699 2103 723 2152 a
754 2078 989 2177 philosophia
1020 2078 1212 2179 profectus

165 2183 178 2219 ‘
195 2178 370 2276 princeps
386 2176 614 2276 Xenophon,
633 2177 846 2251 Socraticus
862 2177 940 2267 ille,
951 2185 1040 2273 post
1051 2180 1098 2250 ab
1111 2176 1214 2250 Aris·

102 2277 107 2285 ’
165 2278 314 2350 ‘totole
334 2274 570 2363 callistenen
598 2299 724 2350 comes
741 2274 959 2365 Alexandri,
979 2274 1124 2372 scripsit
1139 2273 1218 2347 his-

164 2381 178 2416 ‘
195 2375 351 2459 toriam;
379 2373 496 2447 ethic
514 2372 666 2470 quidem
678 2373 864 2448 rhetorico
874 2397 985 2471 paene
1001 2396 1123 2447 more:
1149 2371 1215 2445 ille
1251 2439 1260 2452 ,

164 2477 178 2514 ‘
195 2480 323 2546 autem
341 2471 511 2570 superior
524 2472 665 2546 leniore
682 2472 847 2568 quodum
863 2495 957 2546 sono
974 2482 1034 2546 est
1049 2495 1153 2558 usus,
1174 2479 1216 2545 et

166 2577 179 2612 ‘
197 2570 260 2669 qui
273 2570 382 2645 illmn
395 2569 566 2669 inpetum
578 2570 734 2649 oratoris
747 2595 826 2647 non
840 2569 994 2657 habeon
1011 2569 1214 2646 vehemens

166 2674 179 2711 ‘
194 2668 351 2745 fortasse
378 2668 517 2757 minus,
536 2671 603 2745 sed
619 2670 812 2769 aliquanto
828 2680 956 2747 tamen
973 2678 1044 2762 est,
1060 2678 1105 2743 ut
1119 2668 1215 2742 mihi

167 2773 180 2810 ⁶
197 2768 349 2866 quidem
365 2766 527 2859 videtur,
543 2768 711 2845 dulcior!

217 2868 305 2960 Quo
336 2876 508 2965 tempore
538 2868 617 2943 haec
649 2868 838 2944 scribebat
866 2867 1012 2959 Cicero,
1042 2868 1214 2944 nondum

167 2966 322 3063 quidem
336 2967 492 3063 vulgata
520 2976 600 3041 erut
614 2966 769 3042 historia
795 2970 981 3057 Romana,
998 2968 1149 3063 qualem
1173 2968 1214 3043 in

165 3063 265 3139 votis
286 3064 476 3151 habebat;
513 3066 577 3140 ssd
599 3064 679 3163 jam
695 3075 808 3141 natus
824 3066 968 3175 Livius,
991 3066 1057 3162 qui
1079 3067 1134 3141 ita
1150 3068 1215 3140 de-

167 3162 303 3237 siderio
332 3174 373 3237 et
402 3164 596 3261 preceptis
624 3164 704 3262 ejus
733 3164 925 3255 satisfecit,
949 3172 1001 3254 et,
1024 3164 1126 3261 quod
1151 3166 1215 3236 ille

169 3260 488 3357 perfectissimum
503 3262 543 3335 in
558 3262 628 3334 hac
644 3286 686 3335 re
699 3262 903 3358 judicabat,
919 3262 974 3335 ita
985 3256 1235 3358 adsequutns‘

171 3365 246 3448 est,
260 3366 305 3431 ut
330 3364 412 3441 tam
436 3356 653 3455 antiquioris
677 3381 792 3452 quam
818 3358 1038 3431 recentioris
1064 3361 1133 3433 sevi
1152 3360 1217 3457 ju·

169 3456 270 3531 dicio
285 3454 463 3570 princeps
479 3454 627 3529 babitus
645 3454 693 3528 sit
705 3464 874 3529 veterum
890 3455 1165 3548 historicorum,
1177 3466 1217 3533 et

167 3556 365 3653 ingemum
380 3552 539 3650 imperio
551 3552 683 3667 populi
696 3553 855 3627 Romani
871 3578 949 3652 par,
967 3555 1040 3646 vel,
1058 3556 1161 3653 quod
1174 3557 1216 3630 in

166 3652 403 3727 monimento
419 3653 625 3742 -Patavrno,
667 3650 707 3725 in
749 3653 929 3727 honorem
964 3654 1045 3751 ejus
1078 3654 1214 3753 posito,

168 3750 337 3849 elogium
352 3748 503 3849 legitur,
516 3774 613 3825 unus
629 3750 779 3848 dignus,
793 3750 899 3849 cujus
913 3752 1054 3827 invicto
1070 3754 1215 3827 calamo

169 3850 300 3925 invicti
328 3850 457 3948 populi
490 3852 601 3924 Rom.
633 3873 693 3923 res
726 3860 843 3945 gestae
877 3852 1213 3926 conscriberentur.

169 3949 332 4023 Vivebat
360 3948 423 4022 ille
451 3948 587 4021 saeculo
603 3947 814 4045 Augusteo,
832 3950 939 4046 cujus
965 3950 1152 4046 elegantia
1177 3960 1217 4024 et

172 4048 296 4123 cultus
313 4048 513 4145 respuebat
530 4045 682 4145 jejunos
708 4050 861 4121 annales
887 4046 1086 4146 aridosque
1110 4074 1213 4123 corn-

169 4145 386 4232 mensarios,
400 4154 438 4220 et
451 4170 527 4241 quo
540 4145 691 4219 historia
703 4146 963 4243 philosophico
976 4146 1142 4221 nondum
1156 4151 1214 4221 in-

169 4246 296 4341 genio·
316 4244 499 4319 elaborari
525 4252 649 4341 empta
678 4253 769 4334 erat,
800 4270 914 4341 quarn
944 4248 979 4321 ei
1008 4246 1166 4321 formam
1192 4273 1215 4321 e

173 4342 315 4419 Graeeis
333 4342 484 4440 quidem
497 4344 579 4441 jam
595 4344 820 4423 Posidonius
843 4344 972 4437 etalii,
989 4370 1011 4419 c
1029 4346 1210 4423 Romanis

215 4480 291 4525 vor.
316 4482 337 4527 r.
683 4465 703 4525 b
