3175 5200
304 588 309 593 -
410 537 678 629 semona
708 540 877 631 uram
903 544 984 636 111.
1046 513 1054 538 ”

223 900 515 969 SEDITIONES
528 904 567 969 de
589 906 723 991 agrariis
740 904 858 992 legibus
864 902 977 988 sacta.
1025 904 1219 991 Capitolium,

181 990 222 1055 ol
248 988 398 1057 casulibus
419 1000 450 1054 et
469 992 564 1056 seruis
597 1003 786 1077 occupatum,
820 992 905 1056 ceesr's
933 992 972 1054 iis
992 1004 1144 1075 receptum
1167 1008 1221 1063 est.

183 1076 294 1143 Census
314 1080 464 1143 hisacius
489 1089 543 1142 est.
564 1082 665 1162 priore
681 1080 774 1144 lustro
798 1100 888 1143 censa
908 1086 980 1141 arnt
995 1081 1104 1143 civium
1119 1086 1222 1165 capita

181 1174 298 1230 centum
322 1174 452 1251 quotuor
473 1164 571 1231 millio
593 1168 723 1231 ducenta
744 1166 982 1253 quattuordecim,
1000 1177 1113 1249 prater
1134 1172 1221 1233 orlos

179 1252 335 1337 orbesque.
357 1254 500 1339 sequenti,
523 1262 641 1317 centnm
655 1254 866 1337 septemdecim
889 1252 988 1316 millia
1010 1255 1141 1319 ducenta
1163 1278 1218 1320 uo-

178 1340 354 1403 oerndecim.
402 1340 502 1413 Quum
524 1342 670 1406 adsersus
698 1341 816 1427 AEqnos
844 1359 892 1402 res
912 1340 994 1402 mole
1010 1351 1103 1427 gesta
1131 1354 1219 1424 esset,

177 1424 222 1490 L.
248 1422 407 1498 Quinctius
444 1426 642 1491 (indonatus
686 1428 818 1499 dictator
846 1424 969 1507 factrus,
1014 1450 1107 1512 quum
1145 1450 1219 1495 rure

177 1513 309 1577 intentus
328 1514 440 1577 rustico
462 1516 545 1595 operi
567 1524 654 1593 esset,
677 1516 721 1578 ad
748 1516 783 1578 id
806 1512 915 1576 bellum
925 1516 1092 1598 gerendum
1114 1536 1217 1579 arces-

176 1602 252 1665 situs
280 1608 335 1663 est.
379 1598 412 1663 ls
443 1601 538 1665 victos
566 1602 664 1665 hostes
698 1602 752 1664 sulr
772 1595 890 1684 jugum
926 1602 1018 1664 misit.
1067 1602 1215 1667 Tribuno-

178 1706 248 1750 rnm
270 1686 368 1768 plebis
389 1708 529 1751 numerus
551 1688 714 1771 ampliatus
736 1696 791 1765 est,
814 1697 848 1749 ut
872 1696 968 1750 essent
984 1688 1105 1774 decem,
1120 1691 1215 1774 trige-

176 1771 252 1837 simo
266 1783 353 1837 sento
368 1793 447 1837 anno
470 1774 612 1856 oprimis
628 1774 754 1837 tribunis
777 1773 886 1854 plebis.
932 1773 1044 1839 Petitr's
1054 1798 1111 1858 per
1127 1777 1215 1861 lega-

177 1868 233 1937 tos,
255 1868 285 1922 et
301 1860 416 1923 adlatis
440 1861 551 1924 Atticis
567 1860 691 1943 legieris,
715 1861 758 1923 od
782 1861 1008 1924 constituendae
1029 1883 1082 1925 eas
1099 1884 1215 1946 propo-

174 1945 346 2031 nendasqae
371 1947 530 2010 decemuiri
548 1967 606 2029 pro
633 1946 800 2009 eorrsnlr'lms
821 1948 886 2011 sine
910 1948 981 2011 ullis
1002 1948 1073 2012 aliis
1097 1951 1215 2035 magis-

176 2034 304 2097 tratibus
333 2036 436 2113 erecti,
459 2033 557 2097 alter'o
583 2042 613 2095 et
645 2034 850 2096 trecentesimo
886 2054 978 2112 onero,
1007 2055 1098 2119 quarn
1113 2034 1217 2101 Roma

176 2120 298 2185 condita
327 2130 415 2185 erat.-
437 2129 477 2198 et,
488 2128 525 2183 ut
539 2139 560 2201 a
573 2120 698 2203 regibus
713 2120 757 2183 od
777 2121 926 2198 corrsulos,
950 2124 999 2184 ita
1013 2141 1034 2184 a
1050 2122 1217 2187 consulibus

176 2206 219 2269 ad
241 2208 424 2271 memnonos
446 2206 630 2269 translatum
647 2206 830 2289 imperium.
873 2206 931 2287 Hi,
954 2213 962 2247 ¹
980 2208 1082 2272 decern
1105 2210 1217 2273 tabulis

175 2293 277 2377 legum
299 2292 417 2375 positis,
439 2312 530 2377 queens
554 2293 689 2356 modeste
710 2293 789 2357 sein
806 2314 840 2357 eo
856 2294 969 2357 honore
987 2295 1163 2380 gessissent,
1187 2304 1217 2359 et

173 2378 211 2443 oh
231 2380 266 2442 id
279 2380 311 2443 in
326 2379 457 2443 altanum
475 2400 589 2465 qrroqrm
603 2400 717 2443 annum
743 2380 883 2445 eumdem
912 2401 975 2444 esse
997 2383 1216 2467 nmgistratnm
1284 2385 1287 2391 '

171 2468 346 2547 placuisset,
368 2465 511 2529 ’duabus
538 2466 649 2529 tabulis
664 2467 706 2531 ad
726 2468 829 2529 decem
855 2463 996 2550 adjectis,
1023 2490 1114 2552 qaum
1131 2490 1213 2533 com-
1325 2517 1331 2524 .
1375 2499 1381 2519 ν

167 2552 260 2637 pluro
284 2554 453 2636 inpotenter
459 2553 618 2636 fecissent,
634 2552 853 2638 magistratum
876 2553 1040 2619 uoluerunt
1055 2553 1231 2638 deponere„

170 2641 248 2704 etin
270 2642 392 2704 tertium
407 2661 523 2704 annum
536 2642 741 2704 retinuerunt.-
770 2641 868 2708 donec
892 2642 1017 2704 'irruiso
1033 2662 1135 2706 eorum
1153 2644 1212 2706 im·

133 2795 139 2804 ,
166 2729 254 2810 perio
270 2727 372 2807 finem
402 2726 515 2790 uerrutis
541 2725 633 2790 libido
654 2727 715 2810 Ap.
749 2726 884 2790 (laudii.
932 2728 1003 2806 Qut,
1036 2733 1152 2814 ⁴quum
1180 2731 1214 2795 in

169 2834 304 2878 eruorem
317 2813 446 2898 virginis
464 2813 630 2892 incidisset,
644 2807 801 2895 seibmisso,
822 2814 874 2899 qui
892 2833 962 2877 eam
981 2815 1015 2877 in
1038 2817 1214 2882 seruitutem

165 2910 290 2982 peteret,
314 2902 522 2964 necessitatem
533 2903 620 2982 patri
634 2898 699 2985 ejus
725 2901 864 2986 Verginio
891 2902 1034 2984 inposuit,
1055 2912 1148 2986 rapto
1173 2925 1214 2968 en·

168 2987 297 3052 taberna
318 2989 463 3068 proxima
478 2987 585 3067 cultro,
606 2997 642 3050 ut
656 2987 765 3068 filiam
778 2986 964 3051 interimeret
973 3010 988 3063 ,·
1015 3009 1106 3072 quum
1122 2989 1214 3053 aliter

169 3093 238 3136 eom
267 3075 345 3137 tueri
369 3094 429 3137 non
452 3081 564 3154 posset,
591 3095 629 3136 ne
658 3074 693 3137 in
717 3081 902 3155 potestatem
924 3082 1066 3154 stuprum
1086 3075 1214 3139 inlaturi

168 3159 293 3222 ueniret.
336 3153 489 3223 Hoc'tam
502 3179 626 3242 maguae
649 3157 803 3224 ⁵lncuriae
828 3159 967 3240 exemplo
981 3159 1069 3240 plebs
1083 3159 1213 3223 incitata

167 3252 303 3308 montem
327 3245 510 3306 Aventinum
534 3245 706 3324 occupauit,
732 3245 888 3328 coegitque
912 3245 1098 3308 decemviros
1124 3245 1211 3309 uldi-

168 3352 238 3396 care
256 3349 290 3393 se
317 3330 509 3416 magistratu.
538 3349 577 3390 es
598 3329 702 3412 quibus
712 3329 831 3411 Appius
853 3337 883 3391 et
909 3350 984 3393 remes
1014 3329 1234 3416 colleganum,

166 3418 218 3504 qui
228 3418 381 3501 perscipue
393 3435 517 3499 poenam
539 3423 721 3494 meruerant,
746 3415 778 3478 iu
803 3435 955 3479 carcerem
982 3411 1111 3499 conjecti
1121 3440 1135 3493 ,·
1162 3439 1211 3481 ce-

167 3506 224 3570 teri
237 3505 272 3570 in
286 3501 425 3568 exsilium
441 3500 512 3565 acti.
556 3499 621 3564 Res
634 3509 781 3584 praterea
797 3511 902 3566 contra
918 3501 1061 3584 Salinas,
1077 3513 1108 3569 et
1123 3504 1211 3570 Vols·
1229 3566 1234 3574 .

167 3609 227 3674 eos,
243 3601 272 3655 et
286 3589 403 3676 AEqnos
420 3607 565 3672 prospere
579 3596 684 3673 gestas
699 3589 842 3670 continet,
861 3600 892 3653 et
911 3611 1024 3673 ponem
1054 3589 1212 3658 honestum

161 3679 268 3762 populi
294 3677 429 3741 Romani
452 3671 634 3760 judicium:
678 3677 740 3761 quei,
764 3672 869 3761 juder
896 3677 975 3741 inter
1002 3677 1157 3742 Ardeates
1180 3688 1211 3744 et

167 3766 307 3830 Aricinos
327 3773 455 3843 armins,
482 3781 603 3848 agmen,
618 3763 656 3828 de
669 3783 728 3850 quo
743 3763 971 3850 ambigebam,
1000 3764 1059 3831 sili
1085 3762 1211 3850 adjudi-

168 3853 259 3919 cavit

200 4013 673 4094 ¹Dumutumugunpmo11mopru
737 4017 747 4050 ³
764 4015 850 4064 Imieto
869 4026 943 4061 nomm
963 4009 1211 4076 imperio10mmiut

162 4081 245 4144 peritis.
259 4079 673 4142 sicanimuum.e.3l.hu1u21iba.
705 4081 760 4144 legit
770 4080 860 4142 injusto.

166 4145 255 4196 lithos
265 4143 670 4211 solenusmrbumeatiuejusmodl
732 4145 963 4202 *cummanum
985 4145 991 4156 “
1021 4141 1211 4208 ‘un11aPitboel

165 4211 240 4259 rebar.
701 4210 758 4261 vu.
775 4212 830 4261 lect.
857 4220 950 4257 patirur
968 4158 1083 4274 mm
1104 4210 1210 4290 uirgipir,

196 4273 317 4325 2Duabus
335 4277 414 4326 tabulis
434 4279 465 4326 ad
481 4279 553 4326 decern
567 4273 668 4338 allectis]
704 4277 763 4342 quod
774 4282 856 4326 reruni
865 4274 965 4323 ridetur.

165 4335 236 4401 nu,
247 4356 298 4404 qua
308 4357 354 4392 non
363 4339 534 4408 reperiebantur
547 4343 572 4391 ia
585 4342 671 4391 reteri·
731 4335 745 4377 ³
760 4338 878 4401 nomm]
897 4339 953 4388 Duo
963 4354 992 4387 ex
1002 4339 1075 4393 MSS.
1102 4337 1210 4406 Haut,

167 4403 212 4453 bus
222 4405 296 4465 editis,
306 4409 447 4458 concionavit
464 4409 568 4469 Sigonius
587 4407 671 4471 partim
701 4410 805 4475 injurius
820 4405 881 4474 quod
890 4419 938 4460 noa
947 4404 1058 4472 displicet.

166 4484 197 4518 ox
205 4471 305 4532 vestigiis
314 4473 440 4550 deprsrm
450 4475 549 4542 antiquos
558 4472 672 4536 licensis.

163 4535 431 4604 primuliacum.
586 4544 596 4550 ”
