3175 5200
486 324 644 434 'narn
663 368 842 439 canam.
1000 406 1004 417 -
1152 374 1209 453 ao

177 530 295 597 llodem
332 548 414 595 auno
434 519 590 593 ‘adversius
617 527 758 609 Volscos,
800 528 981 613 populantes
1010 524 1215 593 Herniconrm
1228 528 1370 587 uasta.

179 620 265 699 fines,
285 618 418 701 legiones
440 617 538 680 ducta
558 639 578 679 a
591 616 682 681 Furio
697 615 831 695 consule,
852 635 946 698 quum
961 616 1080 681 hostem
1096 616 1139 678 ibi
1154 636 1216 678 non
1228 598 1299 661 μ’
1310 600 1367 651 ¹¹¹⁰·

178 707 372 785 invenissent,
392 704 597 787 Ferentinum,
625 725 686 787 quo
717 724 831 787 magna
851 703 1016 766 multitudo
1036 701 1217 785 Volscorurn
1230 702 1380 776 amonem

178 816 210 857 se
244 793 424 871 contulerat,
454 814 571 877 cepere.
614 789 719 855 Minus
756 791 874 874 praedoe,
904 809 998 873 quaro
1014 801 1220 871 speraverant,
1230 782 1354 836 “ms

178 880 254 944 luit:
279 880 361 963 quod
386 878 499 959 Volsci,
525 891 687 963 postquam
702 898 771 962 spes
783 877 888 941 tuendi
903 878 1014 959 exigua
1027 889 1103 957 erat,
1116 877 1218 939 subla·
1299 940 1306 956 .

178 968 218 1031 tis
234 967 333 1048 rebus,
347 981 438 1032 nocte
460 967 605 1051 oppidum
622 965 818 1048 reliquerunt.
840 975 962 1049 postero
977 964 1028 1027 die
1047 984 1141 1047 prope
1165 963 1218 1026 de-

177 1066 291 1117 sertum
305 1055 436 1139 capitur.
473 1052 615 1117 Hernicis
629 1054 694 1137 ipse
710 1074 783 1136 ager
795 1052 877 1115 dono
889 1052 989 1116 datus.

220 1138 288 1205 Lll.
310 1142 432 1209 Annum
450 1141 601 1204 modestia
616 1142 804 1203 tribunorum
824 1139 961 1221 quietum
984 1138 1106 1223 excepit
1124 1138 1218 1201 tribu·
1231 1150 1264 1199 U.
1275 1148 1368 1205 csta.
1430 1168 1438 1187 ·

177 1250 234 1291 nus
251 1228 348 1312 plebis
371 1228 407 1293 L.
437 1226 549 1307 Icilius,
572 1227 611 1299 Q.
629 1226 724 1289 Fabio
745 1228 908 1306 Ambusto,
940 1226 976 1289 C.
1000 1224 1092 1291 Furio
1116 1226 1219 1289 Pacilo
1230 1216 1263 1330 a:
1274 1214 1366 1341 m?

177 1316 360 1379 consulibus.
393 1314 422 1377 ls
453 1314 562 1397 quum¹
587 1315 738 1399 principio
751 1315 857 1378 statim
873 1315 956 1393 anni,
981 1313 1064 1377 velut
1092 1335 1338 1399 pensumfflffi,
1430 1358 1435 1364 -
1475 1351 1479 1363 ·

178 1400 333 1466 nominislt
347 1402 537 1483 familiaque,
552 1402 716 1465 seditiones
738 1402 863 1484 agrariis
883 1401 1000 1483 legibus
1020 1402 1217 1485 promulgan-
1230 1412 1296 1462 cm.

178 1488 225 1551 dis
249 1490 362 1569 cieret3
385 1490 557 1571 pestilentia
571 1502 687 1569 coorta,
716 1490 864 1552 minacior
888 1501 992 1552 tamen
1010 1510 1102 1570 quarn
1116 1490 1218 1572 perni-
1230 1502 1371 1557 ranam

179 1575 301 1655 ciosior,
331 1576 533 1659 cogitationes
557 1577 714 1639 hominum
728 1598 748 1638 a
770 1575 839 1639 loro
853 1576 1126 1658 certaminibusque
1139 1576 1218 1661 pub-

178 1664 244 1727 licis
266 1666 291 1709 ¹7
300 1664 340 1726 ad
355 1664 479 1727 domurn
494 1683 655 1746 curamque
666 1685 828 1748 corporum
850 1665 875 1702 ¹⁸
886 1664 1116 1727 nutriendorum
1133 1684 1218 1727 aver·

178 1750 228 1813 tit.
259 1749 509 1832 minusque-eam
539 1751 717 1814 damnosam
746 1750 850 1831 luisse,
872 1772 962 1833 quam
985 1751 1094 1814 seditio
1117 1751 1219 1815 luntre

178 1836 279 1915 fuerit,
302 1837 438 1901 credunt.
472 1836 661 1901 1’Defuncto
692 1838 821 1913 ‚civitate
858 1838 1054 1922 plurimorum
1094 1839 1218 1918 morbis,
1231 1852 1369 1904 acolt.

78 1990 82 1997 ἱ
175 1924 333 2007 perpaucis
348 1923 512 2003 funeribus,
540 1926 732 2009 pestilentem
748 1946 862 1988 annum
878 1926 982 2008 inopia
999 1925 1131 2007 frugum,
1143 1948 1218 2008 neg·
1230 1918 1302 1969 Μ·
1314 1918 1370 1967 ⁴⁰⁰·

1230 1981 1376 2047 M.l’apiric,
1431 2028 1437 2049 ,
1463 1984 1470 2008 ’

176 2010 256 2074 lecto
272 2011 356 2076 cultu
365 2032 517 2094 agrorum,
536 2012 583 2092 (ut
597 2013 774 2096 plerumque
788 2012 837 2094 lit)
856 2013 988 2097 excepit,
1002 2017 1030 2052 ²⁰
1041 2011 1088 2075 M.
1098 2012 1219 2097 Papirio
1232 2050 1259 2098 ὓ
1271 2046 1362 2098 M,

174 2096 329 2178 Atratino,
348 2096 385 2162 C.
410 2097 525 2161 Nautio
552 2097 657 2163 Rutilo
687 2100 869 2163 consulibus.
899 2097 973 2163 darn
1000 2099 1107 2179 larnes,
1127 2122 1219 2183 quam
1232 2114 1299 2165 cm.

176 2184 360 2267 pestilentia,
383 2186 498 2249 tristior
519 2196 602 2249 erat:
626 2188 669 2264 nl,
694 2187 825 2250 dimissis
846 2188 934 2249 circa·
951 2208 1058 2251 omnes
1090 2188 1219 2271 populos
1232 2179 1313 2244 Μὴ

178 2270 298 2352 legatis,
324 2272 375 2353 qui
389 2272 550 2336 Etruscum
577 2294 671 2353 mare,
697 2276 807 2357 quique
824 2272 962 2337 Tiberim
997 2274 1153 2354 adcolunt,
1179 2276 1218 2338 ad
1231 2245 1330 2307 ἔψη

177 2355 363 2421 frumentum
387 2360 594 2439 mercandum,
621 2382 749 2424 annonae
773 2361 853 2423 foret
866 2363 1056 2425 subventum.
1085 2360 1220 2446 Superbe

175 2444 215 2506 ab
233 2442 432 2525 Samnitibus,
455 2448 506 2529 qui
522 2446 659 2531 Capuam
672 2448 826 2511 habebant
841 2446 1024 2531 Cumasque,
1039 2447 1132 2530 legati
1145 2470 1218 2531 pro·

174 2531 263 2594 bibiti
279 2534 464 2597 commercio
488 2545 578 2596 sunt:
603 2544 711 2597 contra
725 2556 763 2595 ea
773 2534 904 2616 benigne
919 2535 958 2597 ab
981 2532 1154 2597 Siculorum
1169 2548 1218 2619 ty·

176 2619 278 2681 rannis
301 2620 408 2702 adjuti.
432 2622 581 2684 rnardmos
600 2633 787 2684 commeatus
816 2642 938 2684 summo
961 2621 1090 2684 Etruriae
1113 2622 1216 2685 studio

171 2703 289 2768 Tiberis
304 2706 435 2770 devexit.
466 2705 669 2770 Solitudinem
692 2708 869 2770 incivitate
890 2729 971 2790 aegra
999 2709 1117 2792 experti
1140 2730 1217 2772 con·

172 2791 250 2854 sules
273 2804 344 2856 sunt
361 2815 369 2855 r
394 2813 498 2876 quum,
522 2794 553 2856 in
574 2795 743 2878 legationes
758 2815 821 2857 non
836 2795 904 2879 plus
919 2795 1046 2878 singulis
1063 2797 1215 2860 senatori·

171 2877 227 2940 bus
247 2878 446 2960 invenientes,
472 2882 573 2945 coacti
597 2893 668 2944 sunt
691 2882 778 2944 binos
801 2883 921 2965 equites
950 2880 1092 2963 adjicere.
1137 2882 1216 2954 Prte-

171 2976 310 3046 terquam
340 2969 380 3029 ab
403 2969 510 3030 morbo
539 2989 733 3050 annonaque,
760 2969 837 3030 nibil
860 2989 899 3031 eo
929 2968 1053 3030 biennio
1080 2970 1216 3033 intestini

173 3053 324 3140 externive
340 3054 525 3116 incommodi
548 3055 615 3118 luit.
638 3070 670 3117 at
685 3058 709 3093 ²¹
723 3055 775 3117 ubi
791 3056 837 3117 ba
857 3054 1078 3118 sollicitudines
1101 3056 1216 3118 disces·

173 3157 248 3216 sere,
265 3140 380 3217 omnia,
403 3140 510 3222 quibus
524 3141 638 3204 turbari
661 3139 753 3203 solita
776 3153 844 3203 crat
860 3140 976 3220 civitas,
995 3141 1080 3204 domi
1099 3141 1217 3222 discor⁴

173 3222 234 3301 dia,
245 3223 317 3286 loris
332 3225 444 3286 bellurn
460 3239 610 3290 exortum.

215 3307 299 3374 Llll.
321 3309 398 3388 Μ’,1
417 3308 555 3391 AEmilio,
582 3310 618 3375 C.
636 3309 761 3374 Valerio
791 3310 895 3376 Potito
936 3313 1120 3392 consulibus,
1150 3313 1215 3376 bel·
1229 3327 1368 3384 aaut

172 3397 235 3460 luna
250 3393 344 3479 AEqui
359 3398 531 3480 parabant:
554 3395 685 3476 Volscis,
700 3418 886 3480 quamquam
904 3419 966 3462 non
995 3401 1119 3484 publico
1140 3422 1214 3464 con·
1228 3395 1260 3444 A.
1271 3394 1301 3447 ⁰·
1312 3398 1388 3476 ⁴⁰⁷2.

171 3484 250 3562 silio,
281 3485 508 3566 capessentibus
524 3506 620 3565 arma,
633 3484 811 3550 voluntariis
838 3487 976 3551 mercede
1002 3489 1114 3551 mcutis
1134 3489 1215 3552 mili·
1228 3459 1388 3584 mffiff'

171 3571 257 3636 tiam
300 3569 351 3636 Ad
382 3591 508 3657 quorum
531 3572 645 3638 lammn
661 3573 795 3638 bostium
813 3570 896 3656 (jaro
921 3574 1003 3640 euim
1017 3575 1050 3640 iu
1072 3573 1216 3657 latinum
1227 3543 1357 3660 lauteri

168 3782 231 3835 ltun
240 3783 314 3837 Grm.
358 3781 370 3819 ⁸
380 3785 439 3835 ntur
446 3787 633 3850 μυίωίπωηίηἰι
648 3785 703 3838 Ms.
710 3785 793 3838 Velth.
845 3784 853 3821 ¹
864 3785 932 3837 H’l.
943 3787 1053 3838 umero
1063 3785 1136 3837 Gaea·
1146 3787 1217 3837 cm.

202 3963 222 4000 ¹⁷
232 3965 270 4014 Ad
278 3967 364 4016 mm
374 3965 503 4030 curamque]
515 3965 575 4016 'lbet
583 3983 597 4016 e
606 3967 675 4033 scrip-
741 3965 762 4002 ¹⁹
778 3963 794 3994 ⁹
810 3963 924 4032 Murem
931 3965 1032 4031 ciuitate]
1048 3965 1128 4014 Ouum
1139 3966 1218 4016 civitat

166 4030 196 4078 tir
217 4031 300 4082 rosula
316 4034 347 4082 ad
367 4033 453 4080 daneon
472 4047 556 4091 curm,
575 4033 676 4096 ablegata
707 4047 722 4078 a
739 4031 869 4096 pestilentia
884 4033 916 4081 ita
930 4031 1141 4094 liberaremque
1154 4031 1217 4080 nulla

165 4097 275 4161 particula
289 4113 339 4162 qrsa.
373 4097 441 4146 Unde
458 4099 556 4162 proclive
571 4111 606 4148 ert
623 4101 675 4149 effi·
707 4096 780 4162 major
790 4099 924 4160 emensus
933 4097 1018 4160 dadas,
1028 4114 1097 4162 quam
1106 4097 1217 4162 plurimo·

166 4177 230 4222 aare,
256 4165 315 4227 quod
335 4163 408 4211 voluit
431 4161 570 4226 Gronovius,
589 4166 675 4214 dnnron
706 4178 758 4211 rum
770 4165 851 4222 morbi,
889 4163 1074 4229 rpaucaluners.

165 4229 281 4278 ademar
296 4245 410 4292 corporiun
429 4232 596 4280 nutriendorum
612 4247 674 4280 cter-
739 4230 762 4263 ⁰³
789 4229 825 4279 M.
847 4181 939 4291 pem
956 4227 1070 4292 Atratino]
1098 4229 1217 4276 Atrnta‘nrn

166 4293 202 4340 tit.
706 4309 833 4356 cognomen
849 4294 895 4342 fult
909 4296 1104 4406 Semponiorum,
1114 4310 1160 4342 noo
1172 4293 1216 4342 Pa·

200 4355 221 4390 ¹⁸
239 4353 422 4424 Nutriordonun]
445 4359 612 4417 Foveodorum,
634 4377 674 4410 cu·
721 4361 825 4408 iriorum.
858 4360 940 4423 ltaque
957 4359 964 4406 i
983 4360 1013 4406 ud
1028 4360 1151 4410 delendum
1169 4361 1215 4408 boc

165 4421 295 4470 modorum.
327 4425 415 4474 Eodem
425 4427 584 4475 tenrudleltur
601 4427 673 4476 tun.
714 4425 1044 4488 ocorectemooetSigooiur.

165 4489 225 4535 nt.
243 4489 385 4537 numan
395 4492 673 4557 ntium,i.s.clcmentl-
735 4491 757 4525 ⁹¹
788 4491 835 4541 Ubi
855 4492 887 4540 le
914 4492 1067 4540 valetudines
1091 4488 1212 4555 ἀϋαπση]

127 4581 130 4592 ·
164 4552 207 4603 but
217 4553 466 4606 commorandum.
704 4556 760 4622 mgr
770 4557 1101 4625 sanctimoniarum
1174 4559 1186 4574 ”
