3175 5200
488 407 567 472 mn.
579 401 620 469 x.
638 403 851 470 cAP.xv11t
1125 419 1184 484 aaa

106 587 110 594 ·
137 563 274 630 deterriti
290 564 428 643 amaris,
437 583 499 646 qua
512 564 620 649 cuique
630 563 803 648 proximum
817 561 889 641 luit,
899 559 990 626 scalis
1001 561 1114 646 raptim
1126 565 1182 627 ad-
1195 585 1228 638 υ,
1239 585 1268 637 c.
1278 590 1335 640 45⁶,

138 652 243 730 motis,
259 651 290 715 in
306 653 420 716 mrarria
433 671 564 715 evasere.
580 663 706 737 captum
717 649 868 733 oppidum
890 668 927 710 ac
956 649 1108 732 direpmrn
1123 668 1182 716 cst.
1196 651 1336 706 ll·0·2⁹⁶·

136 738 179 799 ad
200 739 261 800 duo
287 739 383 802 millia
407 750 440 801 et
464 739 592 800 trecenti
615 737 729 814 occisi3
753 749 786 799 ct
815 757 870 800 seu
894 736 994 798 millia
1024 737 1182 802 hominum

138 833 252 906 capta3
275 836 309 887 et
319 826 407 887 miles
421 824 539 906 ingenti
561 824 663 906 praeda
680 822 819 905 potitus:
844 841 935 904 quarn
949 823 1184 901 uendere„sicut

137 911 283 990 priorem,
298 923 433 989 coaonae,
458 909 654 974 Ferentinum
667 909 751 986 inde,
773 927 959 991 quamquam
981 909 1058 970 nibil
1070 911 1183 992 quietis

135 996 277 1076 dabatur,
299 1007 403 1060 tamen
429 1017 547 1059 summa
569 995 728 1058 alacritate
751 994 870 1056 ductus.
892 993 1036 1064 Ceterum
1056 995 1098 1058 ibi
1114 998 1183 1079 plus

137 1079 251 1144 laboris
266 1103 302 1145 ac
313 1083 439 1168 periculi
458 1082 527 1148 luit.
549 1093 582 1144 et
603 1081 731 1145 defensa
744 1081 906 1144 summani
922 1081 1037 1144 moenia
1052 1094 1134 1160 aunt,
1150 1098 1183 1146 ct

138 1167 223 1231 locus
239 1183 305 1233 erat
315 1171 505 1234 munimento
519 1180 689 1251 naturaque
701 1177 807 1230 tutus:
830 1167 885 1231 sed
898 1168 991 1230 evicit
1006 1169 1113 1230 omnia
1126 1169 1183 1232 ad·

138 1266 239 1318 suetus
262 1257 370 1339 prada
384 1257 482 1319 miles.
498 1256 538 1318 ad
562 1253 728 1318 triamillia
739 1254 1182 1318 hostiumcircamuroscaesae

138 1341 239 1422 praeda
251 1343 356 1406 militis
367 1342 434 1405 fruit
457 1339 559 1423 Hujus
574 1342 821 1424 obpugnaturum
839 1341 961 1403 urbium
976 1339 1096 1404 decoris
1112 1361 1182 1424 para

137 1426 236 1510 major
249 1429 282 1491 in
296 1428 477 1514 quibusdam
496 1427 653 1490 annalibus
669 1425 710 1488 ad
724 1423 898 1489 Maximum
911 1426 1054 1490 trabitur.
1092 1426 1180 1491 Mur·

135 1515 274 1594 gantiam
288 1516 344 1590 ,ab
358 1513 469 1594 Decio,
489 1533 508 1576 a
531 1513 627 1576 Fabio
653 1511 849 1576 Ferentinum
864 1511 1107 1596 Romuleamque
1121 1516 1180 1577 ob·

135 1611 287 1683 pugnatas
302 1601 442 1664 tradunt:
465 1611 547 1678 sunt,
572 1600 624 1682 qui
654 1619 802 1662 novorum
820 1599 980 1662 consulum
1003 1600 1083 1662 banc
1112 1601 1181 1680 glo-

137 1686 214 1750 riam
230 1687 354 1750 iaciant.
391 1686 525 1758 Quidam
549 1685 798 1762 nouandarum,
817 1685 873 1747 sed
895 1685 1030 1764 alterius,
1054 1683 1090 1748 L.
1118 1685 1181 1750 Vo-

138 1772 264 1834 lumnii=
288 1774 316 1835 ei
329 1771 488 1836 Samnium
500 1771 687 1854 provinciam
699 1771 848 1831 evenisse.
919 1837 922 1842 ,

179 1856 298 1920 xv111.
319 1857 403 1920 Dum
429 1879 466 1920 ea
487 1858 519 1918 in
534 1854 674 1956 Samnio,
690 1853 908 1956 cujuscumque
923 1857 1017 1918 ductu
1028 1858 1182 1958 auspicio·

137 1943 640 2111 llzrlzzllllnlllltl}
661 1940 1324 2110 llllztnffltfflmut‘tlrun

139 2117 216 2177 “ex
242 2113 431 2192 Samnitibus
454 2127 531 2178 erat.
564 2112 658 2176 Tusci
682 2113 743 2175 fere
767 2131 875 2174 omncs
889 2113 1101 2180 consciverant
1114 2117 1181 2179 bel·

39 2215 40 2244 ³
137 2201 220 2263 lum:
242 2211 378 2264 traxerat
397 2201 542 2282 contagio
554 2199 709 2281 proximos
725 2195 861 2262 Umbria
873 2199 1033 2281 populosa
1059 2213 1092 2264 et
1105 2201 1182 2265 Gal·

136 2286 197 2348 lica
220 2286 337 2350 auxilia
357 2286 498 2349 mercede
529 2285 780 2348 sollicitabantur.
818 2285 918 2347 omnia
946 2307 986 2347 ea
1014 2287 1182 2352 multitudo

38 2453 40 2458 Ι
137 2373 178 2434 ad
213 2386 316 2437 castra
342 2371 528 2437 Sanmnitium
550 2371 760 2432 comeniebat.
804 2370 866 2442 Qui
896 2371 1044 2436 tumultus
1073 2396 1181 2457 repens
1281 2369 1286 2378 ’

136 2455 1180 2629 lltlbnllltlrt‘¹lnlltlllll²lnlnllllnl
1249 2577 1252 2582 -

136 2630 216 2693 libus
231 2633 405 2714 quindecim
432 2631 585 2714 proiectus
605 2632 637 2692 in
652 2628 811 2693 Samuim
836 2642 928 2709 esset,
942 2631 1003 2714 Ap.
1015 2626 1178 2699 Claudium

137 2718 237 2800 primo
258 2738 376 2803 quoque
399 2732 536 2801 tempore
560 2719 591 2779 in
606 2716 757 2783 Etruriam
784 2716 827 2778 ire
841 2718 967 2797 placuit.
980 2718 1048 2781 dure
1061 2719 1177 2785 Roma·
1191 2744 1227 2791 n,
1236 2746 1337 2811 yffi..

138 2822 184 2865 nae
206 2803 340 2885 legiones
362 2816 483 2882 secuta,
520 2804 619 2886 prima
638 2814 671 2865 et
693 2812 812 2886 quarta,
834 2814 867 2864 et
880 2804 1032 2866 sociorum
1060 2807 1176 2871 duode-
1189 2815 1250 2889 acm
1264 2816 1315 2879 Ap-

137 2889 197 2951 cim
216 2889 322 2955 millia.
336 2902 438 2955 castra
451 2890 534 2953 baud
548 2889 653 2972 procul
667 2889 706 2951 ab
733 2889 822 2951 hoste
848 2890 957 2970 posita
996 2890 1177 2959 ”Ceterum
1191 2891 1251 2941 ⁹¹⁸⁸·

136 2968 233 3055 makis
263 2996 302 3038 eo
333 2976 505 3059 profectum
542 2987 599 3054 est,
636 2974 719 3055 quod
752 2984 871 3035 matura
890 2987 1178 3058 centumcentur

37 3064 39 3073 '
135 3060 283 3143 quosdam
311 3071 484 3143 spectantes
509 3059 575 3141 jam
591 3080 677 3121 arma
690 3058 818 3121 Etruriae
847 3060 975 3141 populos
996 3076 1096 3127 metus
1112 3065 1176 3128 llo-
1227 3117 1231 3133 .

137 3146 219 3207 mani
248 3146 382 3207 nominis
418 3156 642 3228 comprmreret,
676 3164 767 3225 quam
807 3144 890 3226 quod
922 3147 1019 3211 ductu
1043 3152 1176 3214 consulis
1206 3140 1213 3147 ’

37 3310 38 3313 ¹
136 3231 301 3313 quidquam
320 3232 362 3293 ibi
386 3232 460 3295 satis
483 3232 559 3295 scite
583 3242 636 3293 aut
661 3229 817 3293 fortunate
841 3242 963 3311 gestum
978 3234 1029 3297 sit.
1073 3232 1177 3302 Multa
1188 3272 1241 3327 N„
1267 3281 1319 3331 ffl-

136 3317 245 3400 proelis
267 3318 342 3382 locis
375 3331 407 3382 et
428 3316 616 3400 temporibus
644 3316 755 3399 iniquis
784 3319 966 3380 commissa:
989 3340 1118 3404 spesque
1143 3294 1326 3403 inmn'ma

37 3446 38 3469 ,
136 3404 201 3465 dies
214 3405 383 3485 graviorem
398 3406 517 3467 hostem
542 3403 684 3466 iaciebat.
708 3412 740 3465 et
758 3401 826 3484 jam
843 3424 938 3487 prope
966 3419 1043 3486 erat,
1066 3422 1102 3472 ut
1117 3407 1296 3473 nere¹⁴³¹¹ss¹¹t

136 3489 205 3551 duci
220 3491 344 3569 milites,
360 3512 416 3553 nec
443 3490 590 3553 militibus
606 3490 668 3553 dux
689 3488 763 3551 eatis
783 3490 900 3553 fideret.
921 3490 1039 3556 Literas
1054 3496 1095 3557 ad
1108 3498 1174 3560 col-
1186 3471 1303 3598 mm

135 3574 236 3657 legam
262 3576 474 3639 arcessendum
497 3597 536 3639 ex
565 3573 691 3637 Samnio
714 3575 835 3654 missas,
859 3578 892 3639 in
914 3579 1001 3641 trinis
1016 3583 1176 3649 annalibus

37 3702 42 3713 ·
135 3661 268 3725 invenio.
305 3664 421 3813 “piget
458 3674 562 3725 umen
590 3662 739 3725 incertum
772 3683 897 3746 ponere,
932 3686 1026 3747 qaum
1047 3688 1086 3732 ea
1107 3671 1176 3755 ipsa

135 3748 214 3812 inter
239 3769 377 3815 consuas
403 3750 507 3833 populi
532 3748 674 3827 Romani,
699 3747 766 3830 jem
798 3750 908 3813 iterum
929 3752 1037 3815 eodem
1060 3757 1176 3821 bonore

135 3833 306 3917 fungentes,
329 3835 512 3919 discrepatio
533 3836 642 3898 fuerit:
665 3833 769 3918 Appio
791 3837 944 3900 abnuente
964 3840 1086 3904 missas:
1109 3840 1174 3905 Vo-

135 3919 250 3983 lumnio
273 3922 465 4000 adfirmante,
488 3922 580 4005 Appii
601 3942 633 3983 se
656 3920 750 3983 literis
770 3922 916 3987 adeitrmr.
959 3923 1031 3988 Jam
1046 3925 1175 3991 Volum-

134 4004 200 4069 nius
228 4008 260 4069 in
291 4005 417 4071 Samnio
447 4009 507 4071 tria
535 4008 662 4071 castella
690 4020 826 4091 ceperat,
863 4010 1027 4091 inquibus
1053 4014 1094 4077 ad
1116 4016 1176 4078 cis

134 4092 230 4157 millia
261 4093 394 4157 bostium
425 4116 503 4158 caesa
532 4107 629 4175 erant,
663 4094 822 4157 dimidium
844 4094 907 4159 iere
939 4095 1004 4179 ejus
1025 4112 1174 4183 eapnrme

163 4218 186 4254 Ν
197 4218 262 4297 *ἒς
275 4220 422 4298 Ιδιιιυιίεἰὺιιι]
443 4220 519 4283 Magis
537 4222 638 4285 placeret
668 4220 1043 4275 fuitmaturunccalercanudis
1052 4226 1176 4291 sumu,

132 4284 637 4429 “imitatamaunm.
669 4298 1175 4435 ''liniges-nmmma

539 4450 546 4474 r
632 4446 640 4472 ⁸
978 4434 1177 4487 mistim
