<?xml version="1.0" encoding="UTF-8"?>
<!DOCTYPE html PUBLIC "-//W3C//DTD XHTML 1.0 Transitional//EN"
    "http://www.w3.org/TR/xhtml1/DTD/xhtml1-transitional.dtd">
<html xmlns="http://www.w3.org/1999/xhtml" xml:lang="en" lang="en">
 <head>
  <title>
</title>
<meta http-equiv="Content-Type" content="text/html;charset=utf-8" />
  <meta name='ocr-system' content='tesseract 3.04.00' />
  <meta name='ocr-capabilities' content='ocr_page ocr_carea ocr_par ocr_line ocrx_word'/>
</head>
<body>
  <div class='ocr_page' id='page_1' title='image "./tliviipatavinih03grongoog_0163.png"; bbox 0 0 3175 5200; ppageno 0'>
   <div class='ocr_carea' id='block_1_1' title="bbox 536 370 1210 441">
    <p class='ocr_par' dir='ltr' id='par_1_1' title="bbox 536 370 1210 441">
     <span class='ocr_line' id='line_1_1' title="bbox 536 370 1210 441; baseline 0 -1"><span class='ocrx_word' id='word_1_1' title='bbox 536 376 613 441; x_wconf 84' lang='lat' dir='ltr'>ma.</span> <span class='ocrx_word' id='word_1_2' title='bbox 624 374 665 441; x_wconf 79' lang='lat' dir='ltr'>n</span> <span class='ocrx_word' id='word_1_3' title='bbox 683 370 843 439; x_wconf 53' lang='lat' dir='ltr'>CdPssXb</span> <span class='ocrx_word' id='word_1_4' title='bbox 1155 382 1210 441; x_wconf 78' lang='lat' dir='ltr'>iss</span> 
     </span>
    </p>
   </div>
   <div class='ocr_carea' id='block_1_2' title="bbox 124 518 1393 3920">
    <p class='ocr_par' dir='ltr' id='par_1_2' title="bbox 124 518 1393 2708">
     <span class='ocr_line' id='line_1_2' title="bbox 170 518 1367 640; baseline -0.006 -32"><span class='ocrx_word' id='word_1_5' title='bbox 170 544 225 609; x_wconf 70' lang='lat' dir='ltr'>en</span> <span class='ocrx_word' id='word_1_6' title='bbox 247 540 367 628; x_wconf 70' lang='lat' dir='ltr'>possa,</span> <span class='ocrx_word' id='word_1_7' title='bbox 388 540 549 633; x_wconf 66' lang='lat' dir='ltr'>populatur</span> <span class='ocrx_word' id='word_1_8' title='bbox 573 540 644 603; x_wconf 71' lang='lat' dir='ltr'>nse</span> <span class='ocrx_word' id='word_1_9' title='bbox 670 558 775 623; x_wconf 64' lang='lat' dir='ltr'>agrum</span> <span class='ocrx_word' id='word_1_10' title='bbox 800 530 1009 638; x_wconf 36' lang='lat' dir='ltr'>namnum·¹</span> <span class='ocrx_word' id='word_1_11' title='bbox 1031 518 1367 640; x_wconf 54' lang='lat' dir='ltr'>enarransffiffij</span> 
     </span>
     <span class='ocr_line' id='line_1_3' title="bbox 171 626 1211 715; baseline -0.006 -20"><span class='ocrx_word' id='word_1_12' title='bbox 171 634 249 695; x_wconf 83' lang='lat' dir='ltr'>inter</span> <span class='ocrx_word' id='word_1_13' title='bbox 272 629 465 715; x_wconf 86' lang='lat' dir='ltr'>populatores</span> <span class='ocrx_word' id='word_1_14' title='bbox 488 627 599 706; x_wconf 88' lang='lat' dir='ltr'>missis,</span> <span class='ocrx_word' id='word_1_15' title='bbox 622 627 673 710; x_wconf 93' lang='lat' dir='ltr'>qui</span> <span class='ocrx_word' id='word_1_16' title='bbox 687 626 884 711; x_wconf 89' lang='lat' dir='ltr'>patriciorum</span> <span class='ocrx_word' id='word_1_17' title='bbox 899 645 987 706; x_wconf 84' lang='lat' dir='ltr'>agros</span> <span class='ocrx_word' id='word_1_18' title='bbox 998 637 1131 689; x_wconf 79' lang='lat' dir='ltr'>intactos</span> <span class='ocrx_word' id='word_1_19' title='bbox 1145 648 1211 689; x_wconf 91' lang='lat' dir='ltr'>ser-</span> 
     </span>
     <span class='ocr_line' id='line_1_4' title="bbox 170 712 1210 799; baseline -0.005 -17"><span class='ocrx_word' id='word_1_20' title='bbox 170 730 293 782; x_wconf 83' lang='lat' dir='ltr'>varent:</span> <span class='ocrx_word' id='word_1_21' title='bbox 316 717 378 778; x_wconf 86' lang='lat' dir='ltr'>sive</span> <span class='ocrx_word' id='word_1_22' title='bbox 405 714 538 777; x_wconf 79' lang='lat' dir='ltr'>infensus</span> <span class='ocrx_word' id='word_1_23' title='bbox 568 714 649 799; x_wconf 92' lang='lat' dir='ltr'>plebi</span> <span class='ocrx_word' id='word_1_24' title='bbox 673 714 783 796; x_wconf 82' lang='lat' dir='ltr'>magis,</span> <span class='ocrx_word' id='word_1_25' title='bbox 809 712 872 774; x_wconf 80' lang='lat' dir='ltr'>sive</span> <span class='ocrx_word' id='word_1_26' title='bbox 896 723 931 775; x_wconf 90' lang='lat' dir='ltr'>ut</span> <span class='ocrx_word' id='word_1_27' title='bbox 959 712 1112 776; x_wconf 73' lang='lat' dir='ltr'>discordia</span> <span class='ocrx_word' id='word_1_28' title='bbox 1139 713 1210 777; x_wconf 89' lang='lat' dir='ltr'>inde</span> 
     </span>
     <span class='ocr_line' id='line_1_5' title="bbox 172 796 1210 887; baseline -0.004 -19"><span class='ocrx_word' id='word_1_29' title='bbox 172 806 250 868; x_wconf 82' lang='lat' dir='ltr'>inter</span> <span class='ocrx_word' id='word_1_30' title='bbox 278 802 390 867; x_wconf 78' lang='lat' dir='ltr'>Patres</span> <span class='ocrx_word' id='word_1_31' title='bbox 409 802 586 887; x_wconf 81' lang='lat' dir='ltr'>plebemque</span> <span class='ocrx_word' id='word_1_32' title='bbox 608 800 746 864; x_wconf 90' lang='lat' dir='ltr'>oriretur.</span> <span class='ocrx_word' id='word_1_33' title='bbox 779 798 854 870; x_wconf 75' lang='lat' dir='ltr'>Qun</span> <span class='ocrx_word' id='word_1_34' title='bbox 871 796 1009 881; x_wconf 78' lang='lat' dir='ltr'>profecto</span> <span class='ocrx_word' id='word_1_35' title='bbox 1028 812 1097 863; x_wconf 91' lang='lat' dir='ltr'>orta</span> <span class='ocrx_word' id='word_1_36' title='bbox 1119 813 1210 881; x_wconf 90' lang='lat' dir='ltr'>esset,</span> 
     </span>
     <span class='ocr_line' id='line_1_6' title="bbox 171 886 1211 979; baseline -0.005 -24"><span class='ocrx_word' id='word_1_37' title='bbox 171 892 248 955; x_wconf 89' lang='lat' dir='ltr'>adeo</span> <span class='ocrx_word' id='word_1_38' title='bbox 262 890 372 954; x_wconf 86' lang='lat' dir='ltr'>tribuni</span> <span class='ocrx_word' id='word_1_39' title='bbox 393 888 459 973; x_wconf 89' lang='lat' dir='ltr'>jam</span> <span class='ocrx_word' id='word_1_40' title='bbox 481 888 613 979; x_wconf 86' lang='lat' dir='ltr'>serqcem</span> <span class='ocrx_word' id='word_1_41' title='bbox 628 908 681 971; x_wconf 92' lang='lat' dir='ltr'>per</span> <span class='ocrx_word' id='word_1_42' title='bbox 695 908 728 948; x_wconf 89' lang='lat' dir='ltr'>se</span> <span class='ocrx_word' id='word_1_43' title='bbox 743 886 864 969; x_wconf 85' lang='lat' dir='ltr'>plebem</span> <span class='ocrx_word' id='word_1_44' title='bbox 884 886 1072 948; x_wconf 79' lang='lat' dir='ltr'><strong>criminando</strong></span> <span class='ocrx_word' id='word_1_45' title='bbox 1096 888 1127 949; x_wconf 91' lang='lat' dir='ltr'>in</span> <span class='ocrx_word' id='word_1_46' title='bbox 1148 890 1211 971; x_wconf 91' lang='lat' dir='ltr'>pri-</span> 
     </span>
     <span class='ocr_line' id='line_1_7' title="bbox 170 970 1210 1057; baseline -0.004 -16"><span class='ocrx_word' id='word_1_47' title='bbox 170 998 268 1041; x_wconf 89' lang='lat' dir='ltr'>mores</span> <span class='ocrx_word' id='word_1_48' title='bbox 292 977 425 1039; x_wconf 87' lang='lat' dir='ltr'>civitatis</span> <span class='ocrx_word' id='word_1_49' title='bbox 451 976 649 1057; x_wconf 75' lang='lat' dir='ltr'>instigabant.</span> <span class='ocrx_word' id='word_1_50' title='bbox 681 974 735 1037; x_wconf 90' lang='lat' dir='ltr'>sed</span> <span class='ocrx_word' id='word_1_51' title='bbox 758 970 1023 1057; x_wconf 65' lang='lat' dir='ltr'>extemnthimor,</span> <span class='ocrx_word' id='word_1_52' title='bbox 1041 975 1210 1037; x_wconf 85' lang='lat' dir='ltr'>maximum</span> 
     </span>
     <span class='ocr_line' id='line_1_8' title="bbox 171 1058 1213 1145; baseline -0.005 -17"><span class='ocrx_word' id='word_1_53' title='bbox 171 1065 339 1128; x_wconf 74' lang='lat' dir='ltr'>concordie</span> <span class='ocrx_word' id='word_1_54' title='bbox 358 1061 521 1142; x_wconf 86' lang='lat' dir='ltr'>vinculum,</span> <span class='ocrx_word' id='word_1_55' title='bbox 562 1062 697 1145; x_wconf 90' lang='lat' dir='ltr'>quamvis</span> <span class='ocrx_word' id='word_1_56' title='bbox 731 1072 887 1144; x_wconf 87' lang='lat' dir='ltr'>suspectos</span> <span class='ocrx_word' id='word_1_57' title='bbox 915 1058 1106 1141; x_wconf 74' lang='lat' dir='ltr'><strong>infensosque</strong></span> <span class='ocrx_word' id='word_1_58' title='bbox 1134 1060 1213 1123; x_wconf 88' lang='lat' dir='ltr'>inter</span> 
     </span>
     <span class='ocr_line' id='line_1_9' title="bbox 124 1146 1212 1235; baseline -0.006 -19"><span class='ocrx_word' id='word_1_59' title='bbox 124 1186 127 1193; x_wconf 92' lang='lat'>·</span> <span class='ocrx_word' id='word_1_60' title='bbox 170 1172 202 1215; x_wconf 91' lang='lat' dir='ltr'>se</span> <span class='ocrx_word' id='word_1_61' title='bbox 211 1151 363 1235; x_wconf 79' lang='lat' dir='ltr'>jungebat</span> <span class='ocrx_word' id='word_1_62' title='bbox 378 1150 507 1212; x_wconf 90' lang='lat' dir='ltr'>animos.</span> <span class='ocrx_word' id='word_1_63' title='bbox 530 1147 566 1211; x_wconf 90' lang='lat' dir='ltr'>ld</span> <span class='ocrx_word' id='word_1_64' title='bbox 583 1147 676 1210; x_wconf 89' lang='lat' dir='ltr'>modo</span> <span class='ocrx_word' id='word_1_65' title='bbox 695 1166 756 1211; x_wconf 91' lang='lat' dir='ltr'>non</span> <span class='ocrx_word' id='word_1_66' title='bbox 781 1147 1005 1225; x_wconf 79' lang='lat' dir='ltr'>conveniebat3</span> <span class='ocrx_word' id='word_1_67' title='bbox 1031 1146 1113 1228; x_wconf 92' lang='lat' dir='ltr'>quod</span> <span class='ocrx_word' id='word_1_68' title='bbox 1124 1168 1212 1210; x_wconf 87' lang='lat' dir='ltr'>sena-</span> 
     </span>
     <span class='ocr_line' id='line_1_10' title="bbox 170 1233 1213 1319; baseline -0.005 -17"><span class='ocrx_word' id='word_1_69' title='bbox 170 1250 218 1303; x_wconf 89' lang='lat' dir='ltr'>tus</span> <span class='ocrx_word' id='word_1_70' title='bbox 232 1238 430 1319; x_wconf 73' lang='lat' dir='ltr'>consulesque</span> <span class='ocrx_word' id='word_1_71' title='bbox 444 1255 593 1318; x_wconf 82' lang='lat' dir='ltr'>nusquam</span> <span class='ocrx_word' id='word_1_72' title='bbox 618 1234 690 1297; x_wconf 90' lang='lat' dir='ltr'>alibi</span> <span class='ocrx_word' id='word_1_73' title='bbox 705 1255 804 1318; x_wconf 90' lang='lat' dir='ltr'>spem,</span> <span class='ocrx_word' id='word_1_74' title='bbox 828 1254 920 1316; x_wconf 88' lang='lat' dir='ltr'>quam</span> <span class='ocrx_word' id='word_1_75' title='bbox 938 1234 969 1295; x_wconf 89' lang='lat' dir='ltr'>in</span> <span class='ocrx_word' id='word_1_76' title='bbox 985 1233 1088 1313; x_wconf 90' lang='lat' dir='ltr'>armis,</span> <span class='ocrx_word' id='word_1_77' title='bbox 1116 1254 1213 1317; x_wconf 90' lang='lat' dir='ltr'>pone·</span> 
     </span>
     <span class='ocr_line' id='line_1_11' title="bbox 169 1317 1365 1409; baseline -0.003 -21"><span class='ocrx_word' id='word_1_78' title='bbox 169 1326 265 1388; x_wconf 78' lang='lat' dir='ltr'>hante</span> <span class='ocrx_word' id='word_1_79' title='bbox 287 1324 391 1409; x_wconf 90' lang='lat' dir='ltr'>plebes</span> <span class='ocrx_word' id='word_1_80' title='bbox 404 1323 519 1403; x_wconf 85' lang='lat' dir='ltr'>omnia,</span> <span class='ocrx_word' id='word_1_81' title='bbox 541 1342 633 1405; x_wconf 91' lang='lat' dir='ltr'>quam</span> <span class='ocrx_word' id='word_1_82' title='bbox 642 1322 765 1400; x_wconf 89' lang='lat' dir='ltr'>bellum,</span> <span class='ocrx_word' id='word_1_83' title='bbox 787 1322 931 1384; x_wconf 89' lang='lat' dir='ltr'>malebat.</span> <span class='ocrx_word' id='word_1_84' title='bbox 974 1323 1000 1359; x_wconf 80' lang='lat'>⁸¹</span> <span class='ocrx_word' id='word_1_85' title='bbox 1017 1317 1071 1403; x_wconf 88' lang='lat' dir='ltr'>Sp.</span> <span class='ocrx_word' id='word_1_86' title='bbox 1082 1318 1213 1384; x_wconf 87' lang='lat' dir='ltr'>Nautius</span> <span class='ocrx_word' id='word_1_87' title='bbox 1225 1350 1258 1403; x_wconf 56' lang='lat' dir='ltr'>u,</span> <span class='ocrx_word' id='word_1_88' title='bbox 1267 1350 1297 1402; x_wconf 57' lang='lat' dir='ltr'>c,</span> <span class='ocrx_word' id='word_1_89' title='bbox 1308 1356 1365 1405; x_wconf 50' lang='lat'>255,</span> 
     </span>
     <span class='ocr_line' id='line_1_12' title="bbox 165 1406 1359 1498; baseline -0.005 -24"><span class='ocrx_word' id='word_1_90' title='bbox 165 1410 233 1495; x_wconf 89' lang='lat' dir='ltr'>jam</span> <span class='ocrx_word' id='word_1_91' title='bbox 247 1424 280 1473; x_wconf 88' lang='lat' dir='ltr'>st</span> <span class='ocrx_word' id='word_1_92' title='bbox 300 1408 373 1473; x_wconf 86' lang='lat' dir='ltr'>Sex.</span> <span class='ocrx_word' id='word_1_93' title='bbox 388 1408 494 1472; x_wconf 86' lang='lat' dir='ltr'>Furius</span> <span class='ocrx_word' id='word_1_94' title='bbox 514 1408 652 1471; x_wconf 82' lang='lat' dir='ltr'>cmtsules</span> <span class='ocrx_word' id='word_1_95' title='bbox 675 1420 771 1472; x_wconf 87' lang='lat' dir='ltr'>erant.</span> <span class='ocrx_word' id='word_1_96' title='bbox 815 1406 878 1470; x_wconf 84' lang='lat' dir='ltr'>Eos</span> <span class='ocrx_word' id='word_1_97' title='bbox 899 1419 1091 1471; x_wconf 72' lang='lat' dir='ltr'>recensentes</span> <span class='ocrx_word' id='word_1_98' title='bbox 1116 1408 1211 1491; x_wconf 84' lang='lat' dir='ltr'>legio·</span> <span class='ocrx_word' id='word_1_99' title='bbox 1224 1417 1359 1498; x_wconf 64' lang='lat' dir='ltr'>acras.</span> 
     </span>
     <span class='ocr_line' id='line_1_13' title="bbox 171 1482 1371 1599; baseline -0.003 -38"><span class='ocrx_word' id='word_1_100' title='bbox 171 1502 238 1577; x_wconf 83' lang='lat' dir='ltr'>nes,</span> <span class='ocrx_word' id='word_1_101' title='bbox 261 1497 400 1585; x_wconf 79' lang='lat' dir='ltr'>presidia</span> <span class='ocrx_word' id='word_1_102' title='bbox 418 1517 473 1581; x_wconf 92' lang='lat' dir='ltr'>per</span> <span class='ocrx_word' id='word_1_103' title='bbox 486 1516 587 1559; x_wconf 90' lang='lat' dir='ltr'>muros</span> <span class='ocrx_word' id='word_1_104' title='bbox 603 1495 732 1577; x_wconf 88' lang='lat' dir='ltr'>aliaque,</span> <span class='ocrx_word' id='word_1_105' title='bbox 746 1497 777 1557; x_wconf 93' lang='lat' dir='ltr'>in</span> <span class='ocrx_word' id='word_1_106' title='bbox 792 1494 899 1577; x_wconf 83' lang='lat' dir='ltr'>quibus</span> <span class='ocrx_word' id='word_1_107' title='bbox 914 1495 1064 1557; x_wconf 88' lang='lat' dir='ltr'>stationes</span> <span class='ocrx_word' id='word_1_108' title='bbox 1078 1495 1212 1577; x_wconf 79' lang='lat' dir='ltr'>vigilias-</span> <span class='ocrx_word' id='word_1_109' title='bbox 1224 1482 1371 1599; x_wconf 45' lang='lat'>&amp;2⁸33</span> 
     </span>
     <span class='ocr_line' id='line_1_14' title="bbox 171 1581 1290 1667; baseline -0.002 -20"><span class='ocrx_word' id='word_1_110' title='bbox 171 1605 229 1667; x_wconf 92' lang='lat' dir='ltr'>que</span> <span class='ocrx_word' id='word_1_111' title='bbox 257 1605 323 1647; x_wconf 88' lang='lat' dir='ltr'>esse</span> <span class='ocrx_word' id='word_1_112' title='bbox 347 1584 513 1667; x_wconf 76' lang='lat' dir='ltr'>placuerat,</span> <span class='ocrx_word' id='word_1_113' title='bbox 548 1583 617 1645; x_wconf 89' lang='lat' dir='ltr'>loca</span> <span class='ocrx_word' id='word_1_114' title='bbox 645 1581 869 1662; x_wconf 77' lang='lat' dir='ltr'>distribuentes,</span> <span class='ocrx_word' id='word_1_115' title='bbox 905 1582 1071 1644; x_wconf 90' lang='lat' dir='ltr'>multitudo</span> <span class='ocrx_word' id='word_1_116' title='bbox 1107 1583 1290 1665; x_wconf 52' lang='grc' dir='ltr'>ἰιιςειιιςοζι</span> 
     </span>
     <span class='ocr_line' id='line_1_15' title="bbox 170 1668 1213 1757; baseline 0 -24"><span class='ocrx_word' id='word_1_117' title='bbox 170 1690 277 1757; x_wconf 89' lang='lat' dir='ltr'>pacem</span> <span class='ocrx_word' id='word_1_118' title='bbox 310 1670 500 1754; x_wconf 87' lang='lat' dir='ltr'>poscentium</span> <span class='ocrx_word' id='word_1_119' title='bbox 531 1670 661 1753; x_wconf 91' lang='lat' dir='ltr'>primum</span> <span class='ocrx_word' id='word_1_120' title='bbox 691 1668 837 1733; x_wconf 89' lang='lat' dir='ltr'>seditioso</span> <span class='ocrx_word' id='word_1_121' title='bbox 873 1669 1005 1731; x_wconf 87' lang='lat' dir='ltr'>clamore</span> <span class='ocrx_word' id='word_1_122' title='bbox 1033 1670 1213 1733; x_wconf 88' lang='lat' dir='ltr'>conterruit.</span> 
     </span>
     <span class='ocr_line' id='line_1_16' title="bbox 171 1753 1212 1839; baseline -0.001 -19"><span class='ocrx_word' id='word_1_123' title='bbox 171 1757 280 1821; x_wconf 90' lang='lat' dir='ltr'>deinde</span> <span class='ocrx_word' id='word_1_124' title='bbox 304 1777 414 1819; x_wconf 86' lang='lat' dir='ltr'>vocare</span> <span class='ocrx_word' id='word_1_125' title='bbox 439 1766 590 1835; x_wconf 89' lang='lat' dir='ltr'>senatum,</span> <span class='ocrx_word' id='word_1_126' title='bbox 619 1755 729 1819; x_wconf 79' lang='lat' dir='ltr'>referre</span> <span class='ocrx_word' id='word_1_127' title='bbox 751 1756 789 1819; x_wconf 90' lang='lat' dir='ltr'>de</span> <span class='ocrx_word' id='word_1_128' title='bbox 812 1756 921 1839; x_wconf 82' lang='lat' dir='ltr'>legatis</span> <span class='ocrx_word' id='word_1_129' title='bbox 947 1755 987 1817; x_wconf 88' lang='lat' dir='ltr'>ad</span> <span class='ocrx_word' id='word_1_130' title='bbox 1001 1753 1037 1819; x_wconf 87' lang='lat' dir='ltr'>C.</span> <span class='ocrx_word' id='word_1_131' title='bbox 1061 1754 1212 1819; x_wconf 85' lang='lat' dir='ltr'>Marcium</span> 
     </span>
     <span class='ocr_line' id='line_1_17' title="bbox 170 1842 1213 1927; baseline 0.001 -20"><span class='ocrx_word' id='word_1_132' title='bbox 170 1842 329 1907; x_wconf 85' lang='lat' dir='ltr'>mittendis</span> <span class='ocrx_word' id='word_1_133' title='bbox 343 1844 454 1926; x_wconf 70' lang='lat' dir='ltr'>coegit.¹</span> <span class='ocrx_word' id='word_1_134' title='bbox 488 1843 680 1927; x_wconf 89' lang='lat' dir='ltr'>Acceperunt</span> <span class='ocrx_word' id='word_1_135' title='bbox 706 1843 884 1906; x_wconf 81' lang='lat' dir='ltr'>relationem</span> <span class='ocrx_word' id='word_1_136' title='bbox 902 1842 1027 1921; x_wconf 86' lang='lat' dir='ltr'>Patres3</span> <span class='ocrx_word' id='word_1_137' title='bbox 1051 1855 1213 1926; x_wconf 85' lang='lat' dir='ltr'>postquam</span> 
     </span>
     <span class='ocr_line' id='line_1_18' title="bbox 171 1928 1360 2014; baseline 0.004 -21"><span class='ocrx_word' id='word_1_138' title='bbox 171 1930 324 2014; x_wconf 76' lang='lat' dir='ltr'>adparuit,</span> <span class='ocrx_word' id='word_1_139' title='bbox 339 1930 440 1993; x_wconf 84' lang='lat' dir='ltr'>labare</span> <span class='ocrx_word' id='word_1_140' title='bbox 458 1929 554 2013; x_wconf 87' lang='lat' dir='ltr'>plebis</span> <span class='ocrx_word' id='word_1_141' title='bbox 580 1930 718 2009; x_wconf 81' lang='lat' dir='ltr'>animos3</span> <span class='ocrx_word' id='word_1_142' title='bbox 741 1930 885 2012; x_wconf 82' lang='lat' dir='ltr'>missique</span> <span class='ocrx_word' id='word_1_143' title='bbox 907 1930 946 1992; x_wconf 92' lang='lat' dir='ltr'>de</span> <span class='ocrx_word' id='word_1_144' title='bbox 969 1950 1046 2013; x_wconf 85' lang='lat' dir='ltr'>paee</span> <span class='ocrx_word' id='word_1_145' title='bbox 1071 1930 1111 1993; x_wconf 93' lang='lat' dir='ltr'>ad</span> <span class='ocrx_word' id='word_1_146' title='bbox 1126 1928 1212 1993; x_wconf 91' lang='lat' dir='ltr'>Mar·</span> <span class='ocrx_word' id='word_1_147' title='bbox 1225 1946 1360 2011; x_wconf 67' lang='lat' dir='ltr'>togatam</span> 
     </span>
     <span class='ocr_line' id='line_1_19' title="bbox 171 2013 1393 2101; baseline -0.002 -20"><span class='ocrx_word' id='word_1_148' title='bbox 171 2019 252 2081; x_wconf 89' lang='lat' dir='ltr'>cium</span> <span class='ocrx_word' id='word_1_149' title='bbox 266 2029 406 2083; x_wconf 69' lang='lat' dir='ltr'>oratores,</span> <span class='ocrx_word' id='word_1_150' title='bbox 415 2028 505 2080; x_wconf 84' lang='lat' dir='ltr'>atrox</span> <span class='ocrx_word' id='word_1_151' title='bbox 529 2037 704 2101; x_wconf 87' lang='lat' dir='ltr'>responsum</span> <span class='ocrx_word' id='word_1_152' title='bbox 719 2018 908 2080; x_wconf 78' lang='lat' dir='ltr'>retuleruntr</span> <span class='ocrx_word' id='word_1_153' title='bbox 932 2016 942 2049; x_wconf 92' lang='lat'>‘</span> <span class='ocrx_word' id='word_1_154' title='bbox 957 2013 989 2079; x_wconf 91' lang='lat' dir='ltr'>Si</span> <span class='ocrx_word' id='word_1_155' title='bbox 1004 2013 1123 2081; x_wconf 84' lang='lat' dir='ltr'>Volscis</span> <span class='ocrx_word' id='word_1_156' title='bbox 1141 2038 1214 2101; x_wconf 82' lang='lat' dir='ltr'>ager</span> <span class='ocrx_word' id='word_1_157' title='bbox 1224 2016 1324 2094; x_wconf 56' lang='lat' dir='ltr'>russam</span> <span class='ocrx_word' id='word_1_158' title='bbox 1333 2017 1362 2066; x_wconf 60' lang='grc' dir='ltr'>ιθ</span> <span class='ocrx_word' id='word_1_159' title='bbox 1389 2080 1393 2087; x_wconf 76' lang='grc'><em>,</em></span> 
     </span>
     <span class='ocr_line' id='line_1_20' title="bbox 170 2079 1329 2195; baseline 0.001 -28"><span class='ocrx_word' id='word_1_160' title='bbox 170 2104 181 2137; x_wconf 91' lang='lat'>‘</span> <span class='ocrx_word' id='word_1_161' title='bbox 196 2105 382 2183; x_wconf 86' lang='lat' dir='ltr'>redderetur,</span> <span class='ocrx_word' id='word_1_162' title='bbox 399 2124 487 2187; x_wconf 89' lang='lat' dir='ltr'>posse</span> <span class='ocrx_word' id='word_1_163' title='bbox 502 2105 553 2186; x_wconf 75' lang='lat' dir='ltr'>egi</span> <span class='ocrx_word' id='word_1_164' title='bbox 566 2105 607 2175; x_wconf 66' lang='lat' dir='ltr'>vde</span> <span class='ocrx_word' id='word_1_165' title='bbox 620 2124 717 2187; x_wconf 86' lang='lat' dir='ltr'>pace:</span> <span class='ocrx_word' id='word_1_166' title='bbox 740 2104 765 2166; x_wconf 90' lang='lat' dir='ltr'>si</span> <span class='ocrx_word' id='word_1_167' title='bbox 780 2105 883 2187; x_wconf 82' lang='lat' dir='ltr'>praeda</span> <span class='ocrx_word' id='word_1_168' title='bbox 896 2103 967 2165; x_wconf 92' lang='lat' dir='ltr'>belli</span> <span class='ocrx_word' id='word_1_169' title='bbox 981 2124 1035 2186; x_wconf 92' lang='lat' dir='ltr'>per</span> <span class='ocrx_word' id='word_1_170' title='bbox 1049 2098 1145 2167; x_wconf 84' lang='lat' dir='ltr'>otium</span> <span class='ocrx_word' id='word_1_171' title='bbox 1154 2106 1212 2168; x_wconf 83' lang='lat' dir='ltr'>frui</span> <span class='ocrx_word' id='word_1_172' title='bbox 1224 2079 1329 2195; x_wconf 51' lang='lat'>23¹¹*</span> 
     </span>
     <span class='ocr_line' id='line_1_21' title="bbox 170 2181 1290 2273; baseline 0 -20"><span class='ocrx_word' id='word_1_173' title='bbox 170 2190 182 2224; x_wconf 87' lang='lat'>‘</span> <span class='ocrx_word' id='word_1_174' title='bbox 196 2193 302 2269; x_wconf 82' lang='lat' dir='ltr'>velint,</span> <span class='ocrx_word' id='word_1_175' title='bbox 317 2210 482 2253; x_wconf 85' lang='lat' dir='ltr'>memorem</span> <span class='ocrx_word' id='word_1_176' title='bbox 496 2212 529 2252; x_wconf 86' lang='lat' dir='ltr'>se</span> <span class='ocrx_word' id='word_1_177' title='bbox 543 2202 575 2253; x_wconf 91' lang='lat' dir='ltr'>et</span> <span class='ocrx_word' id='word_1_178' title='bbox 591 2191 700 2253; x_wconf 80' lang='lat' dir='ltr'>civium</span> <span class='ocrx_word' id='word_1_179' title='bbox 710 2188 837 2272; x_wconf 79' lang='lat' dir='ltr'>injurie,</span> <span class='ocrx_word' id='word_1_180' title='bbox 850 2204 883 2255; x_wconf 93' lang='lat' dir='ltr'>et</span> <span class='ocrx_word' id='word_1_181' title='bbox 897 2190 1052 2273; x_wconf 86' lang='lat' dir='ltr'>hospitum</span> <span class='ocrx_word' id='word_1_182' title='bbox 1064 2192 1212 2272; x_wconf 83' lang='lat' dir='ltr'>beneficii,</span> <span class='ocrx_word' id='word_1_183' title='bbox 1283 2181 1290 2195; x_wconf 79' lang='lat'>&#39;</span> 
     </span>
     <span class='ocr_line' id='line_1_22' title="bbox 170 2277 1212 2359; baseline 0.001 -20"><span class='ocrx_word' id='word_1_184' title='bbox 170 2278 182 2311; x_wconf 90' lang='lat'>‘</span> <span class='ocrx_word' id='word_1_185' title='bbox 198 2277 383 2355; x_wconf 87' lang='lat' dir='ltr'>adnisurum,</span> <span class='ocrx_word' id='word_1_186' title='bbox 393 2289 428 2340; x_wconf 89' lang='lat' dir='ltr'>ut</span> <span class='ocrx_word' id='word_1_187' title='bbox 437 2277 583 2359; x_wconf 86' lang='lat' dir='ltr'>adpareat</span> <span class='ocrx_word' id='word_1_188' title='bbox 593 2278 699 2341; x_wconf 88' lang='lat' dir='ltr'>exsilio</span> <span class='ocrx_word' id='word_1_189' title='bbox 708 2278 765 2339; x_wconf 90' lang='lat' dir='ltr'>sibi</span> <span class='ocrx_word' id='word_1_190' title='bbox 776 2278 923 2356; x_wconf 89' lang='lat' dir='ltr'>irritatos,</span> <span class='ocrx_word' id='word_1_191' title='bbox 935 2298 998 2339; x_wconf 96' lang='lat' dir='ltr'>non</span> <span class='ocrx_word' id='word_1_192' title='bbox 1012 2278 1135 2357; x_wconf 82' lang='lat' dir='ltr'>fractos,</span> <span class='ocrx_word' id='word_1_193' title='bbox 1146 2280 1212 2340; x_wconf 89' lang='lat' dir='ltr'>ani·</span> 
     </span>
     <span class='ocr_line' id='line_1_23' title="bbox 170 2362 1212 2448; baseline 0.001 -22"><span class='ocrx_word' id='word_1_194' title='bbox 170 2366 263 2426; x_wconf 87' lang='lat' dir='ltr'>‘mos</span> <span class='ocrx_word' id='word_1_195' title='bbox 287 2362 389 2427; x_wconf 89' lang='lat' dir='ltr'>esse.’·</span> <span class='ocrx_word' id='word_1_196' title='bbox 412 2362 523 2426; x_wconf 85' lang='lat' dir='ltr'>lterum</span> <span class='ocrx_word' id='word_1_197' title='bbox 543 2364 652 2427; x_wconf 88' lang='lat' dir='ltr'>deinde</span> <span class='ocrx_word' id='word_1_198' title='bbox 675 2364 766 2426; x_wconf 90' lang='lat' dir='ltr'>iidem</span> <span class='ocrx_word' id='word_1_199' title='bbox 789 2365 873 2426; x_wconf 90' lang='lat' dir='ltr'>missi</span> <span class='ocrx_word' id='word_1_200' title='bbox 888 2385 951 2426; x_wconf 93' lang='lat' dir='ltr'>non</span> <span class='ocrx_word' id='word_1_201' title='bbox 974 2366 1159 2448; x_wconf 88' lang='lat' dir='ltr'>recipiuntur</span> <span class='ocrx_word' id='word_1_202' title='bbox 1180 2367 1212 2427; x_wconf 92' lang='lat' dir='ltr'>in</span> 
     </span>
     <span class='ocr_line' id='line_1_24' title="bbox 172 2446 1214 2533; baseline 0.003 -22"><span class='ocrx_word' id='word_1_203' title='bbox 172 2463 284 2514; x_wconf 85' lang='lat' dir='ltr'>eastra.</span> <span class='ocrx_word' id='word_1_204' title='bbox 322 2446 502 2513; x_wconf 86' lang='lat' dir='ltr'>Sacerdotes</span> <span class='ocrx_word' id='word_1_205' title='bbox 530 2458 659 2533; x_wconf 90' lang='lat' dir='ltr'>quoque,</span> <span class='ocrx_word' id='word_1_206' title='bbox 695 2452 755 2513; x_wconf 87' lang='lat' dir='ltr'>suis</span> <span class='ocrx_word' id='word_1_207' title='bbox 791 2451 958 2533; x_wconf 83' lang='lat' dir='ltr'>insignibus</span> <span class='ocrx_word' id='word_1_208' title='bbox 993 2452 1119 2533; x_wconf 83' lang='lat' dir='ltr'>velatos,</span> <span class='ocrx_word' id='word_1_209' title='bbox 1154 2453 1214 2514; x_wconf 85' lang='lat' dir='ltr'>isse</span> 
     </span>
     <span class='ocr_line' id='line_1_25' title="bbox 170 2536 1213 2623; baseline 0 -24"><span class='ocrx_word' id='word_1_210' title='bbox 170 2537 322 2622; x_wconf 89' lang='lat' dir='ltr'>supplices</span> <span class='ocrx_word' id='word_1_211' title='bbox 337 2538 377 2599; x_wconf 91' lang='lat' dir='ltr'>ad</span> <span class='ocrx_word' id='word_1_212' title='bbox 399 2550 499 2601; x_wconf 84' lang='lat' dir='ltr'>castra</span> <span class='ocrx_word' id='word_1_213' title='bbox 518 2538 662 2617; x_wconf 86' lang='lat' dir='ltr'>hostium,</span> <span class='ocrx_word' id='word_1_214' title='bbox 687 2540 715 2577; x_wconf 76' lang='lat'>²¹</span> <span class='ocrx_word' id='word_1_215' title='bbox 727 2588 739 2623; x_wconf 38' lang='lat' dir='ltr'>q</span> <span class='ocrx_word' id='word_1_216' title='bbox 743 2537 888 2602; x_wconf 86' lang='lat' dir='ltr'>traditum</span> <span class='ocrx_word' id='word_1_217' title='bbox 916 2549 973 2617; x_wconf 90' lang='lat' dir='ltr'>est,</span> <span class='ocrx_word' id='word_1_218' title='bbox 996 2536 1093 2601; x_wconf 89' lang='lat' dir='ltr'>nihilo</span> <span class='ocrx_word' id='word_1_219' title='bbox 1115 2539 1213 2622; x_wconf 87' lang='lat' dir='ltr'>magis</span> 
     </span>
     <span class='ocr_line' id='line_1_26' title="bbox 169 2624 681 2708; baseline 0.002 -20"><span class='ocrx_word' id='word_1_220' title='bbox 169 2647 262 2708; x_wconf 85' lang='lat' dir='ltr'>quam</span> <span class='ocrx_word' id='word_1_221' title='bbox 278 2625 393 2706; x_wconf 80' lang='lat' dir='ltr'>legatos</span> <span class='ocrx_word' id='word_1_222' title='bbox 407 2624 526 2686; x_wconf 86' lang='lat' dir='ltr'>flexisse</span> <span class='ocrx_word' id='word_1_223' title='bbox 536 2625 681 2689; x_wconf 86' lang='lat' dir='ltr'>animum.</span> 
     </span>
    </p>

    <p class='ocr_par' dir='ltr' id='par_1_3' title="bbox 169 2709 1354 3920">
     <span class='ocr_line' id='line_1_27' title="bbox 213 2709 1213 2793; baseline 0.002 -19"><span class='ocrx_word' id='word_1_224' title='bbox 213 2709 279 2774; x_wconf 83' lang='lat' dir='ltr'>XL.</span> <span class='ocrx_word' id='word_1_225' title='bbox 300 2709 380 2774; x_wconf 82' lang='lat' dir='ltr'>Tum</span> <span class='ocrx_word' id='word_1_226' title='bbox 416 2723 563 2773; x_wconf 78' lang='lat' dir='ltr'>matrona</span> <span class='ocrx_word' id='word_1_227' title='bbox 596 2711 636 2774; x_wconf 89' lang='lat' dir='ltr'>ad</span> <span class='ocrx_word' id='word_1_228' title='bbox 664 2710 833 2792; x_wconf 89' lang='lat' dir='ltr'>Veturiam,</span> <span class='ocrx_word' id='word_1_229' title='bbox 878 2724 1006 2776; x_wconf 90' lang='lat' dir='ltr'>matrem</span> <span class='ocrx_word' id='word_1_230' title='bbox 1047 2711 1213 2793; x_wconf 86' lang='lat' dir='ltr'>Coriolani,</span> 
     </span>
     <span class='ocr_line' id='line_1_28' title="bbox 169 2793 1213 2884; baseline 0.004 -26"><span class='ocrx_word' id='word_1_231' title='bbox 169 2793 424 2879; x_wconf 85' lang='lat' dir='ltr'>Volumniamque</span> <span class='ocrx_word' id='word_1_232' title='bbox 445 2818 572 2860; x_wconf 86' lang='lat' dir='ltr'>uxorem</span> <span class='ocrx_word' id='word_1_233' title='bbox 589 2797 760 2881; x_wconf 87' lang='lat' dir='ltr'>frequentes</span> <span class='ocrx_word' id='word_1_234' title='bbox 773 2811 896 2862; x_wconf 88' lang='lat' dir='ltr'>coeunt.</span> <span class='ocrx_word' id='word_1_235' title='bbox 910 2800 943 2863; x_wconf 97' lang='lat' dir='ltr'>id</span> <span class='ocrx_word' id='word_1_236' title='bbox 967 2801 1122 2884; x_wconf 91' lang='lat' dir='ltr'>publicum</span> <span class='ocrx_word' id='word_1_237' title='bbox 1137 2821 1213 2864; x_wconf 93' lang='lat' dir='ltr'>con-</span> 
     </span>
     <span class='ocr_line' id='line_1_29' title="bbox 170 2883 1354 2968; baseline 0.003 -21"><span class='ocrx_word' id='word_1_238' title='bbox 170 2885 282 2963; x_wconf 88' lang='lat' dir='ltr'>silium,</span> <span class='ocrx_word' id='word_1_239' title='bbox 300 2905 339 2947; x_wconf 87' lang='lat' dir='ltr'>an</span> <span class='ocrx_word' id='word_1_240' title='bbox 364 2883 516 2946; x_wconf 90' lang='lat' dir='ltr'>muliebris</span> <span class='ocrx_word' id='word_1_241' title='bbox 536 2885 628 2946; x_wconf 92' lang='lat' dir='ltr'>timor</span> <span class='ocrx_word' id='word_1_242' title='bbox 642 2884 742 2962; x_wconf 84' lang='lat' dir='ltr'>fuerit,</span> <span class='ocrx_word' id='word_1_243' title='bbox 766 2904 874 2968; x_wconf 89' lang='lat' dir='ltr'>parum</span> <span class='ocrx_word' id='word_1_244' title='bbox 896 2886 1026 2954; x_wconf 81' lang='lat' dir='ltr'>invenio.</span> <span class='ocrx_word' id='word_1_245' title='bbox 1057 2887 1213 2956; x_wconf 77' lang='lat' dir='ltr'>Perricere</span> <span class='ocrx_word' id='word_1_246' title='bbox 1225 2903 1354 2956; x_wconf 64' lang='lat' dir='ltr'>Marem</span> 
     </span>
     <span class='ocr_line' id='line_1_30' title="bbox 170 2968 1317 3053; baseline 0 -19"><span class='ocrx_word' id='word_1_247' title='bbox 170 2983 264 3051; x_wconf 91' lang='lat' dir='ltr'>certe,</span> <span class='ocrx_word' id='word_1_248' title='bbox 292 2981 328 3034; x_wconf 89' lang='lat' dir='ltr'>ut</span> <span class='ocrx_word' id='word_1_249' title='bbox 355 2983 387 3034; x_wconf 90' lang='lat' dir='ltr'>et</span> <span class='ocrx_word' id='word_1_250' title='bbox 406 2968 543 3049; x_wconf 89' lang='lat' dir='ltr'>Veturia,</span> <span class='ocrx_word' id='word_1_251' title='bbox 551 2991 664 3053; x_wconf 84' lang='lat' dir='ltr'>rnagno</span> <span class='ocrx_word' id='word_1_252' title='bbox 682 2981 756 3034; x_wconf 92' lang='lat' dir='ltr'>natu</span> <span class='ocrx_word' id='word_1_253' title='bbox 771 2972 889 3051; x_wconf 91' lang='lat' dir='ltr'>mulier,</span> <span class='ocrx_word' id='word_1_254' title='bbox 901 2985 934 3036; x_wconf 88' lang='lat' dir='ltr'>et</span> <span class='ocrx_word' id='word_1_255' title='bbox 947 2971 1122 3052; x_wconf 85' lang='lat' dir='ltr'>Volumnia,</span> <span class='ocrx_word' id='word_1_256' title='bbox 1136 2975 1213 3038; x_wconf 90' lang='lat' dir='ltr'>duos</span> <span class='ocrx_word' id='word_1_257' title='bbox 1224 2971 1317 3034; x_wconf 65' lang='lat' dir='ltr'>legatio.</span> 
     </span>
     <span class='ocr_line' id='line_1_31' title="bbox 169 3055 1213 3142; baseline 0.004 -22"><span class='ocrx_word' id='word_1_258' title='bbox 169 3079 279 3142; x_wconf 87' lang='lat' dir='ltr'>parvos</span> <span class='ocrx_word' id='word_1_259' title='bbox 299 3078 338 3118; x_wconf 83' lang='lat' dir='ltr'>ex</span> <span class='ocrx_word' id='word_1_260' title='bbox 364 3055 485 3120; x_wconf 90' lang='lat' dir='ltr'>Marcio</span> <span class='ocrx_word' id='word_1_261' title='bbox 506 3055 604 3119; x_wconf 80' lang='lat' dir='ltr'>ferens</span> <span class='ocrx_word' id='word_1_262' title='bbox 625 3057 703 3119; x_wconf 85' lang='lat' dir='ltr'>filios</span> <span class='ocrx_word' id='word_1_263' title='bbox 729 3078 843 3136; x_wconf 87' lang='lat' dir='ltr'>secum,</span> <span class='ocrx_word' id='word_1_264' title='bbox 883 3059 916 3119; x_wconf 92' lang='lat' dir='ltr'>in</span> <span class='ocrx_word' id='word_1_265' title='bbox 951 3070 1052 3122; x_wconf 86' lang='lat' dir='ltr'>castra</span> <span class='ocrx_word' id='word_1_266' title='bbox 1079 3061 1213 3124; x_wconf 89' lang='lat' dir='ltr'>hostium</span> 
     </span>
     <span class='ocr_line' id='line_1_32' title="bbox 170 3141 1213 3228; baseline 0.005 -24"><span class='ocrx_word' id='word_1_267' title='bbox 170 3141 271 3206; x_wconf 81' lang='lat' dir='ltr'>irent:</span> <span class='ocrx_word' id='word_1_268' title='bbox 298 3153 341 3221; x_wconf 88' lang='lat' dir='ltr'>et,</span> <span class='ocrx_word' id='word_1_269' title='bbox 359 3163 449 3222; x_wconf 90' lang='lat' dir='ltr'>quam</span> <span class='ocrx_word' id='word_1_270' title='bbox 472 3143 563 3205; x_wconf 89' lang='lat' dir='ltr'>armis</span> <span class='ocrx_word' id='word_1_271' title='bbox 588 3143 643 3204; x_wconf 85' lang='lat' dir='ltr'>viri</span> <span class='ocrx_word' id='word_1_272' title='bbox 670 3141 831 3205; x_wconf 85' lang='lat' dir='ltr'>defendere</span> <span class='ocrx_word' id='word_1_273' title='bbox 859 3146 965 3206; x_wconf 91' lang='lat' dir='ltr'>urbem</span> <span class='ocrx_word' id='word_1_274' title='bbox 990 3165 1053 3206; x_wconf 94' lang='lat' dir='ltr'>non</span> <span class='ocrx_word' id='word_1_275' title='bbox 1078 3159 1213 3228; x_wconf 90' lang='lat' dir='ltr'>possent,</span> 
     </span>
     <span class='ocr_line' id='line_1_33' title="bbox 171 3227 1215 3311; baseline 0.006 -21"><span class='ocrx_word' id='word_1_276' title='bbox 171 3228 312 3290; x_wconf 89' lang='lat' dir='ltr'>mulieres</span> <span class='ocrx_word' id='word_1_277' title='bbox 336 3228 478 3311; x_wconf 85' lang='lat' dir='ltr'>precibus</span> <span class='ocrx_word' id='word_1_278' title='bbox 495 3228 686 3310; x_wconf 84' lang='lat' dir='ltr'>lacrimisque</span> <span class='ocrx_word' id='word_1_279' title='bbox 708 3227 916 3292; x_wconf 85' lang='lat' dir='ltr'>defenderent.</span> <span class='ocrx_word' id='word_1_280' title='bbox 954 3227 1017 3292; x_wconf 90' lang='lat' dir='ltr'>Ubi</span> <span class='ocrx_word' id='word_1_281' title='bbox 1044 3229 1085 3293; x_wconf 90' lang='lat' dir='ltr'>ad</span> <span class='ocrx_word' id='word_1_282' title='bbox 1113 3246 1215 3296; x_wconf 88' lang='lat' dir='ltr'>castra</span> 
     </span>
     <span class='ocr_line' id='line_1_34' title="bbox 170 3311 1214 3398; baseline 0.003 -20"><span class='ocrx_word' id='word_1_283' title='bbox 170 3327 297 3378; x_wconf 86' lang='lat' dir='ltr'>ventum</span> <span class='ocrx_word' id='word_1_284' title='bbox 323 3325 380 3391; x_wconf 89' lang='lat' dir='ltr'>est,</span> <span class='ocrx_word' id='word_1_285' title='bbox 405 3314 621 3396; x_wconf 89' lang='lat' dir='ltr'>nuciatumque</span> <span class='ocrx_word' id='word_1_286' title='bbox 644 3311 819 3392; x_wconf 90' lang='lat' dir='ltr'>Coriolano,</span> <span class='ocrx_word' id='word_1_287' title='bbox 839 3314 945 3376; x_wconf 88' lang='lat' dir='ltr'>adesse</span> <span class='ocrx_word' id='word_1_288' title='bbox 971 3316 1081 3398; x_wconf 83' lang='lat' dir='ltr'>ingens</span> <span class='ocrx_word' id='word_1_289' title='bbox 1106 3320 1214 3381; x_wconf 89' lang='lat' dir='ltr'>mulie-</span> 
     </span>
     <span class='ocr_line' id='line_1_35' title="bbox 171 3398 1213 3488; baseline 0.001 -22"><span class='ocrx_word' id='word_1_290' title='bbox 171 3421 240 3466; x_wconf 83' lang='lat' dir='ltr'>rum</span> <span class='ocrx_word' id='word_1_291' title='bbox 255 3420 376 3483; x_wconf 81' lang='lat' dir='ltr'>agmen,</span> <span class='ocrx_word' id='word_1_292' title='bbox 391 3401 421 3461; x_wconf 89' lang='lat' dir='ltr'>in</span> <span class='ocrx_word' id='word_1_293' title='bbox 436 3399 535 3483; x_wconf 91' lang='lat' dir='ltr'>primo</span> <span class='ocrx_word' id='word_1_294' title='bbox 546 3398 562 3438; x_wconf 85' lang='lat'>¹²</span> <span class='ocrx_word' id='word_1_295' title='bbox 575 3399 621 3478; x_wconf 94' lang='lat' dir='ltr'>(ut</span> <span class='ocrx_word' id='word_1_296' title='bbox 635 3399 686 3480; x_wconf 91' lang='lat' dir='ltr'>qui</span> <span class='ocrx_word' id='word_1_297' title='bbox 701 3419 758 3460; x_wconf 91' lang='lat' dir='ltr'>nec</span> <span class='ocrx_word' id='word_1_298' title='bbox 774 3400 897 3482; x_wconf 82' lang='lat' dir='ltr'>publica</span> <span class='ocrx_word' id='word_1_299' title='bbox 912 3401 1074 3486; x_wconf 84' lang='lat' dir='ltr'>majestate</span> <span class='ocrx_word' id='word_1_300' title='bbox 1083 3404 1115 3465; x_wconf 89' lang='lat' dir='ltr'>in</span> <span class='ocrx_word' id='word_1_301' title='bbox 1129 3406 1213 3488; x_wconf 84' lang='lat' dir='ltr'>lega-</span> 
     </span>
     <span class='ocr_line' id='line_1_36' title="bbox 170 3485 1215 3574; baseline 0.004 -22"><span class='ocrx_word' id='word_1_302' title='bbox 170 3490 237 3568; x_wconf 82' lang='lat' dir='ltr'>tis,¹</span> <span class='ocrx_word' id='word_1_303' title='bbox 254 3507 312 3550; x_wconf 93' lang='lat' dir='ltr'>nec</span> <span class='ocrx_word' id='word_1_304' title='bbox 330 3487 361 3549; x_wconf 93' lang='lat' dir='ltr'>in</span> <span class='ocrx_word' id='word_1_305' title='bbox 383 3486 590 3549; x_wconf 88' lang='lat' dir='ltr'>sacerdotibus</span> <span class='ocrx_word' id='word_1_306' title='bbox 618 3497 707 3550; x_wconf 88' lang='lat' dir='ltr'>tanta</span> <span class='ocrx_word' id='word_1_307' title='bbox 734 3485 840 3549; x_wconf 83' lang='lat' dir='ltr'>obfusa</span> <span class='ocrx_word' id='word_1_308' title='bbox 861 3488 956 3550; x_wconf 86' lang='lat' dir='ltr'>oeulis</span> <span class='ocrx_word' id='word_1_309' title='bbox 969 3490 1131 3574; x_wconf 86' lang='lat' dir='ltr'>animoque</span> <span class='ocrx_word' id='word_1_310' title='bbox 1144 3494 1215 3557; x_wconf 89' lang='lat' dir='ltr'>reli-</span> 
     </span>
     <span class='ocr_line' id='line_1_37' title="bbox 170 3573 1216 3660; baseline 0.004 -22"><span class='ocrx_word' id='word_1_311' title='bbox 170 3576 263 3660; x_wconf 78' lang='lat' dir='ltr'>gione</span> <span class='ocrx_word' id='word_1_312' title='bbox 277 3585 379 3637; x_wconf 88' lang='lat' dir='ltr'>motus</span> <span class='ocrx_word' id='word_1_313' title='bbox 393 3573 486 3654; x_wconf 90' lang='lat' dir='ltr'>esset)</span> <span class='ocrx_word' id='word_1_314' title='bbox 508 3573 606 3654; x_wconf 86' lang='lat' dir='ltr'>multo</span> <span class='ocrx_word' id='word_1_315' title='bbox 624 3573 806 3636; x_wconf 90' lang='lat' dir='ltr'>obstinatior</span> <span class='ocrx_word' id='word_1_316' title='bbox 821 3573 960 3639; x_wconf 82' lang='lat' dir='ltr'>adversus</span> <span class='ocrx_word' id='word_1_317' title='bbox 983 3578 1125 3651; x_wconf 86' lang='lat' dir='ltr'>lacrimas</span> <span class='ocrx_word' id='word_1_318' title='bbox 1146 3601 1216 3642; x_wconf 91' lang='lat' dir='ltr'>mu-</span> 
     </span>
     <span class='ocr_line' id='line_1_38' title="bbox 171 3658 1215 3748; baseline 0.005 -22"><span class='ocrx_word' id='word_1_319' title='bbox 171 3663 281 3726; x_wconf 89' lang='lat' dir='ltr'>liebres</span> <span class='ocrx_word' id='word_1_320' title='bbox 296 3673 371 3725; x_wconf 90' lang='lat' dir='ltr'>erat.</span> <span class='ocrx_word' id='word_1_321' title='bbox 415 3658 496 3723; x_wconf 93' lang='lat' dir='ltr'>Dein</span> <span class='ocrx_word' id='word_1_322' title='bbox 513 3659 706 3724; x_wconf 75' lang='lat' dir='ltr'>familiarium</span> <span class='ocrx_word' id='word_1_323' title='bbox 729 3661 865 3744; x_wconf 90' lang='lat' dir='ltr'>quidam,</span> <span class='ocrx_word' id='word_1_324' title='bbox 885 3664 937 3745; x_wconf 93' lang='lat' dir='ltr'>qui</span> <span class='ocrx_word' id='word_1_325' title='bbox 958 3666 1108 3748; x_wconf 85' lang='lat' dir='ltr'>insignem</span> <span class='ocrx_word' id='word_1_326' title='bbox 1121 3688 1215 3730; x_wconf 82' lang='lat' dir='ltr'>muas·</span> 
     </span>
     <span class='ocr_line' id='line_1_39' title="bbox 171 3745 1215 3836; baseline 0.002 -23"><span class='ocrx_word' id='word_1_327' title='bbox 171 3751 243 3814; x_wconf 90' lang='lat' dir='ltr'>titia</span> <span class='ocrx_word' id='word_1_328' title='bbox 265 3749 345 3812; x_wconf 90' lang='lat' dir='ltr'>inter</span> <span class='ocrx_word' id='word_1_329' title='bbox 368 3758 482 3814; x_wconf 90' lang='lat' dir='ltr'>ceteras</span> <span class='ocrx_word' id='word_1_330' title='bbox 508 3760 693 3830; x_wconf 84' lang='lat' dir='ltr'>cognoverat</span> <span class='ocrx_word' id='word_1_331' title='bbox 705 3745 877 3828; x_wconf 80' lang='lat' dir='ltr'>Veturiam,</span> <span class='ocrx_word' id='word_1_332' title='bbox 902 3751 1104 3831; x_wconf 73' lang='lat' dir='ltr'>internarum</span> <span class='ocrx_word' id='word_1_333' title='bbox 1119 3773 1215 3836; x_wconf 90' lang='lat' dir='ltr'>nepo-</span> 
     </span>
     <span class='ocr_line' id='line_1_40' title="bbox 170 3832 1333 3920; baseline -0.001 -20"><span class='ocrx_word' id='word_1_334' title='bbox 170 3849 277 3919; x_wconf 86' lang='lat' dir='ltr'>tesque</span> <span class='ocrx_word' id='word_1_335' title='bbox 285 3846 430 3916; x_wconf 88' lang='lat' dir='ltr'>stantem,</span> <span class='ocrx_word' id='word_1_336' title='bbox 439 3833 523 3898; x_wconf 90' lang='lat' dir='ltr'>‘Nisi</span> <span class='ocrx_word' id='word_1_337' title='bbox 532 3855 581 3896; x_wconf 92' lang='lat' dir='ltr'>me</span> <span class='ocrx_word' id='word_1_338' title='bbox 592 3834 793 3916; x_wconf 79' lang='lat' dir='ltr'>frustrantur,’</span> <span class='ocrx_word' id='word_1_339' title='bbox 804 3837 914 3920; x_wconf 90' lang='lat' dir='ltr'>inquit,</span> <span class='ocrx_word' id='word_1_340' title='bbox 925 3839 936 3872; x_wconf 87' lang='lat'>‘</span> <span class='ocrx_word' id='word_1_341' title='bbox 947 3832 1039 3917; x_wconf 67' lang='lat' dir='ltr'>occdi,</span> <span class='ocrx_word' id='word_1_342' title='bbox 1050 3851 1148 3902; x_wconf 90' lang='lat' dir='ltr'>mater</span> <span class='ocrx_word' id='word_1_343' title='bbox 1160 3840 1215 3902; x_wconf 91' lang='lat' dir='ltr'>tibi</span> <span class='ocrx_word' id='word_1_344' title='bbox 1227 3848 1333 3899; x_wconf 74' lang='lat' dir='ltr'>vemt·</span> 
     </span>
    </p>
   </div>
   <div class='ocr_carea' id='block_1_3' title="bbox 171 3915 1350 4030">
    <p class='ocr_par' dir='ltr' id='par_1_4' title="bbox 171 3915 1350 4030">
     <span class='ocr_line' id='line_1_41' title="bbox 171 3915 1350 4030; baseline -0.003 -41"><span class='ocrx_word' id='word_1_345' title='bbox 171 3923 363 4007; x_wconf 83' lang='lat' dir='ltr'>‘conjuxque</span> <span class='ocrx_word' id='word_1_346' title='bbox 386 3935 418 3986; x_wconf 89' lang='lat' dir='ltr'>et</span> <span class='ocrx_word' id='word_1_347' title='bbox 443 3921 529 3985; x_wconf 89' lang='lat' dir='ltr'>liberi</span> <span class='ocrx_word' id='word_1_348' title='bbox 559 3921 690 3986; x_wconf 88' lang='lat' dir='ltr'>adsunt.&#39;</span> <span class='ocrx_word' id='word_1_349' title='bbox 725 3922 914 4004; x_wconf 87' lang='lat' dir='ltr'>Coriolanus,</span> <span class='ocrx_word' id='word_1_350' title='bbox 937 3945 1033 4010; x_wconf 92' lang='lat' dir='ltr'>prope</span> <span class='ocrx_word' id='word_1_351' title='bbox 1052 3937 1088 3988; x_wconf 92' lang='lat' dir='ltr'>ut</span> <span class='ocrx_word' id='word_1_352' title='bbox 1111 3915 1350 4030; x_wconf 54' lang='lat' dir='ltr'>ammam</span> 
     </span>
    </p>
   </div>
   <div class='ocr_carea' id='block_1_4' title="bbox 172 4019 1373 4634">
    <p class='ocr_par' dir='ltr' id='par_1_5' title="bbox 172 4019 1373 4634">
     <span class='ocr_line' id='line_1_42' title="bbox 478 4019 1373 4098; baseline 0.006 -26"><span class='ocrx_word' id='word_1_353' title='bbox 478 4019 597 4090; x_wconf 58' lang='lat' dir='ltr'>*agnem</span> <span class='ocrx_word' id='word_1_354' title='bbox 615 4022 909 4088; x_wconf 50' lang='lat' dir='ltr'>reconnaissent.</span> <span class='ocrx_word' id='word_1_355' title='bbox 966 4084 970 4094; x_wconf 28' lang='lat' dir='ltr'>f</span> <span class='ocrx_word' id='word_1_356' title='bbox 1227 4047 1373 4098; x_wconf 57' lang='lat' dir='ltr'>numm</span> 
     </span>
     <span class='ocr_line' id='line_1_43' title="bbox 204 4103 1217 4186; baseline 0 -28"><span class='ocrx_word' id='word_1_357' title='bbox 204 4103 227 4140; x_wconf 53' lang='grc' dir='ltr'>ὓ</span> <span class='ocrx_word' id='word_1_358' title='bbox 243 4105 282 4170; x_wconf 75' lang='lat' dir='ltr'>Sp.</span> <span class='ocrx_word' id='word_1_359' title='bbox 316 4103 415 4155; x_wconf 70' lang='lat' dir='ltr'>tumim</span> <span class='ocrx_word' id='word_1_360' title='bbox 451 4116 472 4156; x_wconf 80' lang='lat' dir='ltr'>et</span> <span class='ocrx_word' id='word_1_361' title='bbox 503 4106 552 4158; x_wconf 80' lang='lat' dir='ltr'>Ser.</span> <span class='ocrx_word' id='word_1_362' title='bbox 584 4105 680 4171; x_wconf 75' lang='lat' dir='ltr'>Fertur]</span> <span class='ocrx_word' id='word_1_363' title='bbox 712 4119 776 4168; x_wconf 84' lang='lat' dir='ltr'>tone,</span> <span class='ocrx_word' id='word_1_364' title='bbox 795 4109 864 4158; x_wconf 79' lang='lat' dir='ltr'>falsor</span> <span class='ocrx_word' id='word_1_365' title='bbox 881 4118 977 4186; x_wconf 61' lang='lat' dir='ltr'>putam</span> <span class='ocrx_word' id='word_1_366' title='bbox 998 4122 1028 4156; x_wconf 90' lang='grc' dir='ltr'>ιιι</span> <span class='ocrx_word' id='word_1_367' title='bbox 1050 4107 1217 4172; x_wconf 70' lang='lat' dir='ltr'>paritonium</span> 
     </span>
     <span class='ocr_line' id='line_1_44' title="bbox 172 4171 1216 4238; baseline 0.004 -18"><span class='ocrx_word' id='word_1_368' title='bbox 172 4171 296 4237; x_wconf 49' lang='lat' dir='ltr'>Antelios</span> <span class='ocrx_word' id='word_1_369' title='bbox 314 4173 418 4222; x_wconf 78' lang='lat' dir='ltr'>consuler</span> <span class='ocrx_word' id='word_1_370' title='bbox 436 4173 583 4238; x_wconf 51' lang='lat' dir='ltr'>disrumpar</span> <span class='ocrx_word' id='word_1_371' title='bbox 597 4189 679 4222; x_wconf 71' lang='lat' dir='ltr'>eonsu-</span> <span class='ocrx_word' id='word_1_372' title='bbox 711 4174 816 4222; x_wconf 76' lang='lat' dir='ltr'>omiserit</span> <span class='ocrx_word' id='word_1_373' title='bbox 839 4175 928 4237; x_wconf 70' lang='lat' dir='ltr'>Unus,</span> <span class='ocrx_word' id='word_1_374' title='bbox 954 4188 1034 4238; x_wconf 73' lang='lat' dir='ltr'>parurn</span> <span class='ocrx_word' id='word_1_375' title='bbox 1054 4175 1135 4238; x_wconf 80' lang='lat' dir='ltr'>liquet.</span> <span class='ocrx_word' id='word_1_376' title='bbox 1167 4175 1216 4224; x_wconf 77' lang='lat' dir='ltr'>En-</span> 
     </span>
     <span class='ocr_line' id='line_1_45' title="bbox 173 4237 1216 4304; baseline 0 -19"><span class='ocrx_word' id='word_1_377' title='bbox 173 4237 223 4285; x_wconf 85' lang='lat' dir='ltr'>iurn</span> <span class='ocrx_word' id='word_1_378' title='bbox 250 4237 329 4287; x_wconf 82' lang='lat' dir='ltr'>inserit</span> <span class='ocrx_word' id='word_1_379' title='bbox 362 4237 503 4304; x_wconf 77' lang='lat' dir='ltr'>Dionyrinsr</span> <span class='ocrx_word' id='word_1_380' title='bbox 543 4239 567 4286; x_wconf 87' lang='lat' dir='ltr'>in</span> <span class='ocrx_word' id='word_1_381' title='bbox 593 4255 680 4290; x_wconf 85' lang='lat' dir='ltr'>annunt</span> <span class='ocrx_word' id='word_1_382' title='bbox 711 4255 763 4288; x_wconf 85' lang='lat' dir='ltr'>rum</span> <span class='ocrx_word' id='word_1_383' title='bbox 783 4252 861 4288; x_wconf 81' lang='lat' dir='ltr'>tamen</span> <span class='ocrx_word' id='word_1_384' title='bbox 883 4240 906 4288; x_wconf 88' lang='lat' dir='ltr'>in</span> <span class='ocrx_word' id='word_1_385' title='bbox 928 4239 1074 4289; x_wconf 75' lang='lat' dir='ltr'>numerandis</span> <span class='ocrx_word' id='word_1_386' title='bbox 1089 4241 1154 4288; x_wconf 83' lang='lat' dir='ltr'>annis</span> <span class='ocrx_word' id='word_1_387' title='bbox 1176 4255 1216 4290; x_wconf 83' lang='lat' dir='ltr'>m.</span> 
     </span>
     <span class='ocr_line' id='line_1_46' title="bbox 175 4301 1182 4368; baseline 0.005 -19"><span class='ocrx_word' id='word_1_388' title='bbox 175 4301 232 4350; x_wconf 75' lang='lat'><strong>26⁴.</strong></span> <span class='ocrx_word' id='word_1_389' title='bbox 249 4302 282 4353; x_wconf 76' lang='grc'>0.</span> <span class='ocrx_word' id='word_1_390' title='bbox 300 4303 426 4367; x_wconf 89' lang='lat' dir='ltr'>Sulpicium</span> <span class='ocrx_word' id='word_1_391' title='bbox 443 4304 593 4354; x_wconf 83' lang='lat' dir='ltr'>Camerinum</span> <span class='ocrx_word' id='word_1_392' title='bbox 603 4317 627 4352; x_wconf 84' lang='lat' dir='ltr'>et</span> <span class='ocrx_word' id='word_1_393' title='bbox 638 4305 678 4368; x_wconf 76' lang='lat' dir='ltr'>sp.</span> <span class='ocrx_word' id='word_1_394' title='bbox 713 4306 800 4353; x_wconf 84' lang='lat' dir='ltr'>tionem</span> <span class='ocrx_word' id='word_1_395' title='bbox 810 4305 919 4354; x_wconf 81' lang='lat' dir='ltr'>habuisre</span> <span class='ocrx_word' id='word_1_396' title='bbox 928 4305 1050 4363; x_wconf 62' lang='lat' dir='ltr'>viderunt</span> <span class='ocrx_word' id='word_1_397' title='bbox 1061 4319 1100 4356; x_wconf 88' lang='grc' dir='ltr'>ιιι.</span> <span class='ocrx_word' id='word_1_398' title='bbox 1110 4321 1131 4354; x_wconf 85' lang='lat' dir='ltr'>c.</span> <span class='ocrx_word' id='word_1_399' title='bbox 1140 4307 1182 4355; x_wconf 80' lang='grc'>30.</span> 
     </span>
     <span class='ocr_line' id='line_1_47' title="bbox 174 4363 1217 4436; baseline 0.008 -23"><span class='ocrx_word' id='word_1_400' title='bbox 174 4363 279 4415; x_wconf 67' lang='lat' dir='ltr'>lanium</span> <span class='ocrx_word' id='word_1_401' title='bbox 290 4369 392 4428; x_wconf 78' lang='lat' dir='ltr'>Flavum,</span> <span class='ocrx_word' id='word_1_402' title='bbox 407 4385 504 4433; x_wconf 89' lang='lat' dir='ltr'>quorum</span> <span class='ocrx_word' id='word_1_403' title='bbox 521 4371 544 4418; x_wconf 92' lang='lat' dir='ltr'>in</span> <span class='ocrx_word' id='word_1_404' title='bbox 560 4369 679 4420; x_wconf 77' lang='lat' dir='ltr'>consulatu</span> <span class='ocrx_word' id='word_1_405' title='bbox 742 4370 765 4404; x_wconf 57' lang='grc' dir='ltr'>θ</span> <span class='ocrx_word' id='word_1_406' title='bbox 784 4370 900 4418; x_wconf 80' lang='lat' dir='ltr'>deitron</span> <span class='ocrx_word' id='word_1_407' title='bbox 922 4369 963 4432; x_wconf 82' lang='lat' dir='ltr'>ert]</span> <span class='ocrx_word' id='word_1_408' title='bbox 991 4369 1046 4419; x_wconf 89' lang='lat' dir='ltr'>Non</span> <span class='ocrx_word' id='word_1_409' title='bbox 1078 4373 1217 4436; x_wconf 72' lang='lat' dir='ltr'>espernmda</span> 
     </span>
     <span class='ocr_line' id='line_1_48' title="bbox 172 4427 1215 4502; baseline 0.011 -27"><span class='ocrx_word' id='word_1_410' title='bbox 172 4427 222 4476; x_wconf 87' lang='lat' dir='ltr'>ludi</span> <span class='ocrx_word' id='word_1_411' title='bbox 243 4433 299 4481; x_wconf 85' lang='lat' dir='ltr'>vitio</span> <span class='ocrx_word' id='word_1_412' title='bbox 322 4434 392 4485; x_wconf 78' lang='lat' dir='ltr'>facti:</span> <span class='ocrx_word' id='word_1_413' title='bbox 419 4437 443 4484; x_wconf 92' lang='lat' dir='ltr'>in</span> <span class='ocrx_word' id='word_1_414' title='bbox 462 4439 614 4486; x_wconf 79' lang='lat' dir='ltr'>annum265.</span> <span class='ocrx_word' id='word_1_415' title='bbox 648 4437 677 4486; x_wconf 83' lang='lat' dir='ltr'>C.</span> <span class='ocrx_word' id='word_1_416' title='bbox 711 4447 748 4485; x_wconf 83' lang='lat' dir='ltr'>est</span> <span class='ocrx_word' id='word_1_417' title='bbox 770 4431 954 4485; x_wconf 69' lang='lat' dir='ltr'>Jam‘Gronorii</span> <span class='ocrx_word' id='word_1_418' title='bbox 979 4439 1119 4502; x_wconf 81' lang='lat' dir='ltr'>conjectura,</span> <span class='ocrx_word' id='word_1_419' title='bbox 1144 4439 1215 4486; x_wconf 78' lang='lat' dir='ltr'>trodi-</span> 
     </span>
     <span class='ocr_line' id='line_1_49' title="bbox 174 4494 1216 4568; baseline 0.013 -27"><span class='ocrx_word' id='word_1_420' title='bbox 174 4494 264 4544; x_wconf 82' lang='lat' dir='ltr'>lulinm</span> <span class='ocrx_word' id='word_1_421' title='bbox 277 4499 356 4548; x_wconf 81' lang='lat' dir='ltr'>lulum</span> <span class='ocrx_word' id='word_1_422' title='bbox 372 4499 563 4551; x_wconf 56' lang='lat' dir='ltr'>semmurum</span> <span class='ocrx_word' id='word_1_423' title='bbox 580 4501 680 4563; x_wconf 74' lang='lat' dir='ltr'>numm,</span> <span class='ocrx_word' id='word_1_424' title='bbox 712 4512 767 4559; x_wconf 74' lang='lat' dir='ltr'>nur,</span> <span class='ocrx_word' id='word_1_425' title='bbox 784 4511 806 4549; x_wconf 85' lang='lat' dir='ltr'>et</span> <span class='ocrx_word' id='word_1_426' title='bbox 825 4501 895 4548; x_wconf 66' lang='lat' dir='ltr'>sibilo</span> <span class='ocrx_word' id='word_1_427' title='bbox 915 4503 991 4568; x_wconf 72' lang='lat' dir='ltr'>mgis.</span> <span class='ocrx_word' id='word_1_428' title='bbox 1031 4501 1112 4554; x_wconf 73' lang='lat' dir='ltr'>smila</span> <span class='ocrx_word' id='word_1_429' title='bbox 1136 4517 1216 4554; x_wconf 71' lang='lat' dir='ltr'>exem·</span> 
     </span>
     <span class='ocr_line' id='line_1_50' title="bbox 176 4559 1014 4634; baseline 0.008 -21"><span class='ocrx_word' id='word_1_430' title='bbox 176 4559 217 4624; x_wconf 81' lang='lat' dir='ltr'>qu·</span> <span class='ocrx_word' id='word_1_431' title='bbox 237 4561 302 4616; x_wconf 80' lang='lat' dir='ltr'>ludos</span> <span class='ocrx_word' id='word_1_432' title='bbox 331 4566 491 4620; x_wconf 74' lang='grc' dir='ltr'>ἱιιιιιιιιιιιιι.</span> <span class='ocrx_word' id='word_1_433' title='bbox 524 4567 571 4624; x_wconf 74' lang='lat' dir='ltr'>litt</span> <span class='ocrx_word' id='word_1_434' title='bbox 586 4566 678 4622; x_wconf 74' lang='lat' dir='ltr'>tomul-</span> <span class='ocrx_word' id='word_1_435' title='bbox 710 4567 1014 4634; x_wconf 63' lang='lat' dir='ltr'>plictruditlmvrnttl.</span> 
     </span>
    </p>
   </div>
   <div class='ocr_carea' id='block_1_5' title="bbox 0 0 1596 5200">
    <p class='ocr_par' dir='ltr' id='par_1_6' title="bbox 0 0 1596 5200">
     <span class='ocr_line' id='line_1_51' title="bbox 0 0 1596 5200; baseline 0 0"><span class='ocrx_word' id='word_1_436' title='bbox 0 0 1596 5200; x_wconf 95' lang='lat' dir='ltr'> </span> 
     </span>
    </p>
   </div>
  </div>
 </body>
</html>
