3175 5200
551 370 867 435 mamm
1048 334 1232 448 '·m

194 522 275 588 ‘nas
304 526 335 591 in
364 540 484 593 montes
509 531 657 613 silvasque
680 532 759 617 rapit
771 554 781 610 ;
804 532 876 595 belli
905 532 1134 599 neoessitstibns
1165 554 1233 597 earn
1247 528 1388 585 ihc-³⁵²·

194 610 399 695 ‘patientiam
415 636 477 679 non
493 618 713 697 adhibebimus,
729 639 821 700 quam
831 618 878 681 vel
889 618 971 681 lassus
981 641 1019 681 ac
1029 621 1168 705 voluptas
1179 622 1234 683 eli·
1247 598 1278 646 ‘i
1289 598 1319 647 ⁰·
1330 600 1387 649 ⁴⁰⁰'

194 696 287 761 ‘cere
301 701 401 765 solet?
428 702 555 787 Adeone
574 705 750 768 effeminata
770 726 899 787 corpora
918 705 1048 768 militurn
1062 720 1233 770 nostrorum

195 782 206 814 ‘
220 803 284 847 esse
294 798 444 868 putamus,
456 790 535 852 adeo
545 790 649 853 molles
659 793 787 869 animos,
796 804 832 853 ut
840 792 974 853 hiemem
984 812 1077 853 unam
1086 792 1192 855 durare
1202 795 1233 856 in

194 867 205 899 ‘
219 872 336 950 castris,
346 874 450 937 abesse
459 878 498 937 ab
507 877 601 940 domo
609 898 670 939 non
680 877 814 959 possint?
827 889 874 955 ut,
889 888 1045 959 tamquam
1054 879 1160 939 navale
1170 880 1234 942 bel·

196 955 206 987 ‘
222 956 294 1034 lum,
306 962 537 1044 tempestatibus
552 956 727 1044 captandis'
739 974 772 1025 et
789 963 978 1025 observando
997 975 1135 1045 tempore
1153 966 1235 1044 anni,

195 1040 205 1073 ‘
219 1056 336 1122 gerant,
348 1067 409 1109 non
421 1058 521 1127 aestus,
533 1070 594 1112 non
607 1049 719 1131 frigora
729 1050 793 1132 pati
809 1048 949 1141 possint?
965 1048 1158 1111 Erubescaut
1164 1071 1235 1132 pro-

194 1126 312 1207 ‘leeto,
322 1132 348 1193 si
364 1135 430 1214 quis
446 1136 566 1217 eis—haec
581 1134 731 1217 objiciat;
757 1136 1018 1218 contendantque,
1033 1146 1065 1197 et
1076 1136 1186 1197 animis
1204 1148 1235 1199 et

194 1211 394 1298 ‘corporibus
409 1222 471 1281 suis
482 1222 597 1283 virilem
612 1222 793 1303 patientiam
809 1222 918 1299 inesse,
933 1232 965 1283 et
979 1242 1011 1283 se
1029 1220 1121 1302 juxta
1134 1223 1235 1285 hieme

193 1298 204 1331 ‘
219 1312 309 1382 atque
320 1316 424 1368 estate
433 1307 513 1369 bella
521 1328 624 1389 gerere
638 1329 727 1391 posse
741 1331 748 1370 r
768 1328 825 1369 nee
839 1328 872 1369 se
888 1308 1091 1390 patrocinium
1099 1309 1236 1371 mollitia

193 1384 394 1471 ‘inertiaeque
415 1394 575 1456 mandasse
591 1395 729 1473 tribunis,
747 1406 780 1456 et
804 1394 988 1472 meminisse,
1005 1397 1029 1434 ¹⁰
1041 1394 1120 1456 hanc
1137 1395 1234 1477 ipsam

193 1470 403 1621 ‘mmm
418 1498 480 1541 non
495 1481 525 1541 in
541 1482 648 1553 umbra
662 1480 759 1543 necin
771 1481 861 1543 tectis
875 1478 1006 1562 majores
1021 1500 1092 1541 snos
1103 1502 1233 1564 creasse.

193 1558 204 1589 ‘
312 1563 423 1626 virtute
438 1566 569 1629 militum
594 1578 771 1645 vestrorum,
786 1568 851 1629 haec
864 1566 1005 1629 Romano
1017 1566 1140 1628 nomine
1163 1578 1234 1629 sunt

122 1720 126 1727 ι
193 1644 204 1675 ‘
219 1644 322 1726 digna,
331 1669 394 1711 non
403 1649 495 1715 Veios
506 1662 636 1730 tanturn,
645 1654 766 1717 nechoc
776 1654 889 1715 bellurn
902 1653 1022 1731 intueri,
1030 1653 1113 1734 quod
1121 1652 1232 1731 instat;

193 1730 271 1817 ‘sed
281 1732 393 1797 samam
408 1747 440 1799 et
449 1738 488 1799 ad
503 1739 562 1800 alia
577 1740 656 1801 bella
669 1740 750 1803 etad
764 1751 883 1803 eeteros
896 1739 1025 1822 populos
1034 1740 1066 1800 in
1077 1751 1234 1821 postemm

192 1817 203 1849 ‘
217 1836 357 1897 quaerere.
367 1821 418 1883 An
432 1824 585 1887 mediocre
596 1826 759 1888 discrimen
768 1826 921 1909 opinionis
936 1836 1109 1887 secuturum
1120 1845 1160 1886 ex
1175 1826 1234 1887 hac

192 1902 392 1985 ‘reputatisi
410 1919 509 1971 utnrm
520 1911 644 1973 tandem
655 1912 776 1974 finitimi
792 1913 962 1995 populum?
981 1910 1233 1973 Romanumeum

191 1988 281 2050 ‘esse
293 2004 413 2072 putent,
429 1994 514 2077 cujus
526 1998 551 2058 si
568 2018 627 2078 qua
640 1998 711 2061 urbs
726 2000 858 2081 primurn
878 1997 1143 2060 illum'brevissimi
1154 2007 1234 2058 tern-

191 2074 298 2155 ‘poris
319 2080 495 2144 sustinuerit
515 2084 663 2167 inpetum,
686 2085 763 2145 nihil
788 2084 900 2145 deinde
915 2084 1047 2145 timeat?
1075 2103 1114 2143 an
1129 2084 1180 2143 hic
1195 2083 1236 2144 sit

192 2160 313 2224 ‘terror
326 2166 457 2229 nominis
472 2171 579 2247 nostri,
600 2182 635 2231 ut
654 2171 824 2232 exercitum
842 2169 1017 2231 Romanurn
1031 2189 1094 2229 non
1109 2168 1235 2230 taedium

191 2245 202 2277 ‘
217 2246 387 2331 longinquae
393 2253 639 2335 obpugnationis,
648 2276 711 2316 non
721 2256 765 2315 vis
777 2255 887 2317 hiemis
900 2255 939 2315 ab
948 2255 1022 2315 urbe
1033 2254 1235 2315 circumsessa

192 2331 202 2363 ‘
217 2334 311 2396 semel
323 2357 463 2400 amovere
474 2341 580 2420 possit,
596 2362 651 2401 nec
659 2340 752 2403 finem
764 2340 859 2401 ullum
870 2339 962 2409 aliurn
978 2338 1060 2416 belli,
1071 2359 1161 2420 quarn
1169 2340 1233 2400 vic-

191 2417 203 2449 ‘
218 2419 480 2501 toriam,noverit;
491 2446 547 2487 nec
559 2427 663 2507 inpetu
675 2427 776 2508 potius
791 2426 882 2502 bella,
894 2444 985 2507 quam
1001 2426 1232 2506 perseverantia,

191 2502 202 2534 ‘
215 2508 323 2584 gerat?
341 2510 444 2589 quasin
456 2513 538 2573 omni
548 2512 671 2592 quidem
683 2530 793 2593 genere
806 2512 932 2588 militia,
951 2511 1234 2572 inaximetamenin

190 2590 201 2622 ‘
215 2591 390 2656 obsidendis
398 2596 530 2675 urbibus,
546 2598 717 2660 necessaria
726 2609 793 2675 est3
810 2618 941 2678 quarum
950 2596 1117 2679 plerasque,
1133 2596 1233 2657 muni-

189 2676 200 2708 ‘
214 2677 347 2742 tionibus
359 2702 396 2742 ac
407 2684 537 2745 naturali
552 2685 612 2746 situ
624 2684 886 2766 inexpugnabiles,
899 2684 978 2745 same
993 2682 1104 2762 sitique
1114 2693 1233 2765 tempus

189 2761 200 2793 ‘
214 2763 313 2844 ipsum
329 2767 423 2830 vincit
435 2781 527 2850 atque
543 2783 717 2852 expugnat:
745 2767 934 2852 sicut,Veios
948 2768 1160 2850 expugnabit5
1174 2769 1233 2829 nisi

188 2847 199 2880 ‘
215 2851 327 2912 auxilio
343 2853 480 2918 hostibus
496 2857 608 2918 tribuni
629 2857 727 2940 plebis
743 2856 867 2932 suerint,
895 2867 927 2916 et
939 2853 1044 2916 Roma
1062 2854 1233 2933 inuenerint

188 2933 198 2964 ‘
214 2937 353 3014 praesidia
363 2938 518 3020 Veientes,
534 2964 600 3024 quaa
611 2942 814 3024 nequidquam
827 2943 860 3002 in
869 2939 991 3003 Etruria
1005 2953 1152 3020 quaerunt.
1182 2940 1232 3001 An

151 3021 161 3038 “
188 3018 260 3080 ‘est
282 3025 457 3104 quidquam,
472 3028 554 3110 quod
573 3023 751 3089 Veientibus
773 3039 916 3109 optatum
937 3046 1020 3106 aeque
1054 3026 1232 3106 contingere
1269 3102 1272 3111 Ι

188 3103 320 3187 ‘possit,
338 3130 428 3190 quarn
448 3125 483 3173 ut
499 3113 696 3175 seditionibus
714 3114 846 3194 primum
861 3112 932 3172 urbs
949 3111 1100 3187 Romana,
1121 3109 1231 3172 deinde

188 3188 295 3252 ‘velut
310 3213 348 3254 ex
371 3199 555 3278 contagione
576 3209 675 3260 castra
695 3196 888 3279 inpleantur?
915 3195 968 3273 Ar,
988 3195 1121 3271 hercule,
1150 3195 1231 3276 apud

188 3274 318 3338 ‘hostes
341 3289 429 3342 tanta
443 3283 596 3345 modestia
609 3293 666 3360 est,
693 3295 728 3344 ut
744 3285 768 3328 ¹⁷
779 3303 841 3343 non
861 3281 1027 3342 obsidionis
1048 3280 1151 3358 taedio,
1170 3301 1233 3342 nou

188 3363 199 3396 ‘
215 3360 345 3445 denique
361 3367 456 3447 regni,
473 3368 636 3449 quidquam
648 3367 730 3449 apud
745 3389 799 3428 eos
812 3378 959 3428 novatum
971 3365 1031 3443 sit3
1058 3386 1121 3426 non
1136 3387 1231 3448 nega·

188 3447 248 3510 ‘ta
261 3451 374 3512 auxilia
386 3453 425 3513 ab
440 3452 574 3516 Etruscis
590 3454 774 3526 irritaverint
783 3453 914 3514 animos.
929 3453 1075 3514 morietur
1085 3451 1167 3514 enim
1177 3474 1231 3514 ex-

186 3535 197 3566 ‘
212 3527 340 3618 templo,
352 3539 534 3621 quicumque
546 3541 603 3603 erit
612 3540 771 3602 seditionis
783 3551 900 3601 auctor.
910 3559 967 3601 nec
977 3539 1119 3619 cuiquam
1131 3539 1231 3600 dicere

131 3701 134 3709 ⁴
186 3622 197 3656 ‘
211 3643 248 3685 ea
283 3624 374 3703 sebit,
386 3645 451 3707 quae
463 3621 601 3710 apu'dvos
613 3628 726 3710 inpune
739 3626 891 3688 dicuntur.
903 3625 1124 3688 ¹¹'Fustuarium
1130 3645 1229 3688 rnere-

585 3751 681 3814 tpopuli
690 3752 764 3800 Gron.
774 3750 844 3800 Cres.

219 3837 239 3873 ¹⁶
264 3838 331 3888 Hanc
356 3843 424 3904 ipsam
443 3843 580 3907 potatorem]
606 3843 687 3892 Potes·
720 3844 775 3907 ipss.
798 3843 975 3891 Pariterinhoc
987 3840 1228 3890 Lisiilorosondrrri·

183 3913 256 3954 tstem
275 3905 426 3964 tribunitiam,
451 3918 551 3956 creatam
573 3909 598 3956 in
618 3907 688 3958 Sacro
719 3907 1022 3971 quereonierir,nonipsius
1030 3906 1205 3968 quoqueregni.

185 3983 272 4020 morsis.
754 3973 774 4007 ¹⁸
787 3950 949 4032 Μυκήνη]
967 3971 1075 4019 Militaris
1093 3985 1161 4035 pons
1183 3981 1228 4028 est,

218 4035 239 4073 ¹⁷
256 4033 309 4085 Noa
329 4037 442 4086 obsidioms
464 4039 536 4102 tedio,
559 4054 604 4087 sors
624 4039 686 4087 deni-
718 4037 930 4103 quaesirsi'olyb.
941 4035 1076 4085 describitur
1085 4036 1103 4083 l.
1114 4049 1150 4085 vr.
1178 4035 1227 4083 Ac-

184 4116 225 4164 qus
244 4100 320 4166 regere]
344 4101 419 4150 Larini
438 4104 558 4167 scriptores
575 4105 645 4152 etism
664 4104 689 4152 in
722 4115 789 4168 repro
805 4101 1126 4152 fusteuibunusrixlesiter
1136 4098 1227 4160 stringit

184 4181 213 4214 ss
239 4168 411 4216 enumeratione
439 4185 491 4234 quae
522 4169 569 4216 duo
598 4181 689 4218 trotino
720 4170 873 4217 damnaturus
899 4183 945 4231 quo
963 4163 1227 4228 moomuuejusdern

185 4229 266 4280 habeat
290 4232 401 4290 membra,
420 4234 541 4298 praefigunt
559 4233 627 4300 'ssepe
653 4235 688 4282 sl·
720 4233 817 4294 legionis
826 4233 922 4293 milites,
937 4249 984 4296 qus
992 4232 1100 4289 fustibus,
1114 4231 1226 4292 qussssis

185 4295 228 4342 reri
254 4297 387 4358 psrrirulsru
412 4299 512 4362 denque
558 4299 595 4348 sb
621 4300 689 4348 initio
721 4299 775 4346 inibi
791 4299 850 4346 iufra
866 4311 938 4346 castra
953 4295 1229 4359 sectemurplurimsrsr,

183 4360 261 4407 ststim
282 4361 378 4411 celebris
400 4361 459 4412 illins
477 4362 578 4427 epistole
595 4363 687 4414 Cicero·
720 4374 813 4412 ouant.
847 4363 894 4412 Sed
913 4373 938 4411 et
956 4363 976 4410 si
992 4360 1165 4425 quiessserinr,
1180 4375 1228 4407 ooo

184 4423 221 4470 nis
234 4425 263 4472 sd
281 4424 312 4476 0.
329 4427 440 4477 tratrem
454 4429 689 4495 nabinamii,forso
720 4439 799 4477 tamen
817 4427 872 4476 sslvi
888 4439 1008 4500 propterea
1017 4437 1085 4474 sunt:
1102 4439 1228 4488 qsrnrrroe·

182 4487 402 4554 hieremiam
420 4493 450 4546 iri
468 4505 513 4560 ess,
537 4494 597 4546 um
619 4496 689 4550 etism
719 4509 765 4560 qus
783 4495 809 4545 irs
824 4493 921 4559 pruisu
936 4491 1228 4582 iisrsdirslioestsusqus
