3175 5200
144 544 147 555 '
206 532 341 596 [lumid-

205 613 236 661 A.
245 608 275 661 0.
284 612 339 661 5116.

206 1688 351 1751 Ponenrur·

204 1753 258 1799 bem
270 1749 330 1798 obd-

206 1818 254 1867 det.

371 378 409 439 bt
792 364 878 431 'mu
896 365 997 432 lell

373 534 485 597 minus
501 532 670 597 obstinatus
694 530 811 611 lugenti
827 520 831 525 ’
835 542 963 615 pontem
981 518 1134 593 obtineret
1159 530 1266 613 gradu
1286 531 1352 617 jem
1366 534 1415 601 ina

372 630 445 709 petu
461 624 649 685 conabantur
672 617 833 681 detrudere
848 619 965 698 cimm3
988 638 1081 701 quum
1100 619 1189 682 simul
1212 619 1315 703 fragor
1336 620 1417 707 mptl

372 712 485 795 pontis,
515 710 603 771 simul
630 708 744 769 clamor
759 704 967 769 Romanorum
998 706 1155 770 alacritate
1171 706 1299 791 perfecti
1315 710 1416 791 operis

372 798 517 874 sublatus,
545 814 675 879 pavore·
693 792 793 855 subito
824 793 961 875 inpetum
991 794 1143 857 sustinuit.
1184 794 1265 857 Tum
1295 794 1416 875 Cocles,

373 886 384 919 ‘
400 888 426 927 ¹⁰
440 882 583 946 'liberine
607 878 714 965 peter,’
741 880 851 962 inquit,
866 882 877 914 ‘
891 890 923 943 te
945 893 1051 943 sancte
1065 891 1184 965 precor,
1198 882 1265 944 haec
1280 904 1364 944 arms
1383 890 1418 946 et

373 972 384 1007 ‘
398 972 478 1033 hunc
488 968 617 1030 militem
627 967 760 1052 propitio
775 964 900 1029 flumine
915 967 1067 1051 accipies!
1091 967 1175 1032 Ita·0
1186 970 1231 1033 sic
1242 971 1425 1033 armatusitr·

371 1054 506 1118 Tiberim
523 1055 663 1118 desiluitr
686 1055 849 1135 mrdtisque
863 1055 1157 1137 superincidentibus
1171 1058 1239 1119 tells
1254 1056 1417 1120 incolumis
1496 1060 1500 1065 ’
1578 1063 1579 1070 ’

372 1142 413 1205 ad
426 1162 497 1205 suos
511 1143 652 1221 tranavit,
668 1162 732 1204 rem
759 1160 848 1203 ausus
871 1143 939 1224 plus
955 1142 1043 1204 lama
1068 1144 1239 1206 habituram
1254 1144 1294 1206 ad
1309 1156 1415 1229 poste

372 1252 431 1309 ros,
448 1251 538 1314 quam
554 1229 637 1292 fidei.
681 1228 780 1291 Grata
794 1247 867 1311 erga
889 1240 1009 1290 tantam
1029 1230 1172 1293 virtutem
1199 1230 1304 1294 civitas
1334 1231 1414 1294 lltitt

370 1328 473 1380 status
486 1318 518 1379 in
533 1321 558 1357 ⁸¹
576 1317 702 1379 comitio
728 1315 840 1399 posita,
859 1314 923 1397 agri
946 1328 1095 1398 quantum
1121 1335 1183 1379 uno
1200 1317 1249 1379 die
1263 1316 1413 1380 circuma-

372 1407 457 1483 ravit,
479 1405 594 1467 datum.
639 1402 758 1465 Privata
772 1422 895 1485 quoque
911 1403 991 1465 inter
1006 1405 1143 1489 publicos
1159 1405 1290 1467 honores
1313 1405 1415 1467 studia

373 1492 558 1555 eminebant:
586 1510 658 1553 nam
688 1491 719 1552 in
750 1509 864 1572 magns
895 1489 999 1572 inopia
1029 1511 1084 1574 pro
1109 1491 1285 1554 domesticis
1318 1492 1413 1576 copiis

372 1580 573 1661 unusquisque
588 1580 617 1641 ei
633 1576 756 1659 aliquid,
772 1576 915 1638 fraudans
931 1577 1040 1659 seipse
1054 1579 1136 1640 victu
1150 1579 1357 1643 suocontulit.

415 1664 472 1727 Xl.
495 1664 637 1744 Porsena,
661 1665 759 1747 primo
775 1676 888 1726 conatu
911 1665 1056 1748 repulsus,
1076 1666 1210 1727 consiliis
1229 1666 1267 1727 ab
1297 1668 1414 1750 obpug-

372 1753 474 1815 nanda
498 1755 571 1814 urbe
587 1753 626 1814 ad
648 1750 847 1813 obsidendam
871 1752 974 1830 versis,
998 1751 1138 1833 praesidlo
1163 1753 1195 1813 in
1210 1752 1352 1814 laniculo
1367 1754 1412 1814 lo-

374 1850 454 1919 cato,
484 1840 548 1923 ipse
571 1840 602 1903 in
618 1838 709 1923 plano
736 1839 866 1922 ripisque
880 1835 998 1900 'liberis
1022 1840 1258 1922 castra'posuit3
1288 1839 1414 1901 navibus

373 1928 506 2009 undique
522 1926 656 2007 adscitis,
672 1926 759 1989 etad
779 1926 961 2004 custodiam,
980 1944 1020 1987 ne
1035 1926 1107 2009 quid
1121 1925 1253 1988 Romam
1269 1925 1412 1987 frumenti

373 2014 647 2097 subvehilsiueret,
672 2023 704 2077 et
729 2025 764 2075 ut
788 2005 1088 2095 proedatum'milites
1114 2008 1202 2093 trnn's⁸
1220 2012 1333 2075 flumen
1357 2034 1414 2095 per

373 2102 546 2163 occasiones
561 2100 626 2163 aliis
642 2112 733 2185 atque
749 2100 815 2162 aliis
831 2100 906 2162 locis
917 2103 944 2141 ⁸²
959 2097 1148 2182 trajiceret¹2
1178 2098 1319 2182 brevique
1335 2100 1414 2161 adeo

373 2187 517 2251 infestum
531 2194 660 2251 omnem
676 2188 848 2251 Romanum
872 2203 978 2270 agrum
1000 2187 1145 2266 reddidit,
1163 2199 1199 2249 ut
1224 2208 1286 2249 non
1313 2198 1415 2248 cetera

372 2276 470 2337 solum
486 2296 525 2338 err
539 2278 630 2360 agris,
656 2276 711 2338 sed
725 2294 818 2359 pecus
833 2295 954 2357 quoque
975 2295 1066 2337 omne
1082 2275 1114 2336 in
1128 2275 1234 2336 urbem
1249 2274 1414 2357 compelle-

369 2374 465 2443 retur,
500 2380 598 2446 neque
642 2365 800 2445 quisquam
825 2374 913 2424 extra
947 2373 1049 2447 portas
1079 2362 1249 2446 propellere
1280 2361 1415 2423 auderet.

290 2480 296 2491 ·
374 2446 445 2510 Hoc
460 2460 580 2511 tantum
597 2450 727 2510 licentius
742 2447 888 2527 Etruscis,
910 2470 973 2510 non
999 2459 1083 2511 metu
1096 2449 1205 2529 magis,
1229 2468 1320 2530 quam
1340 2468 1414 2510 eon-

373 2534 441 2595 silio
458 2554 646 2596 concessum.
668 2552 799 2616 namque
815 2532 952 2596 Valerius
974 2535 1090 2614 consul,
1113 2536 1246 2596 intentus
1271 2537 1303 2596 in
1324 2553 1414 2596 occa·

372 2619 488 2682 sionem
509 2623 621 2684 multos
640 2621 729 2682 simul
745 2630 776 2681 et
790 2619 901 2682 effusos
916 2623 1069 2704 inproviso
1095 2623 1265 2701 adorimrdi,
1287 2624 1319 2684 in
1342 2643 1414 2706 pur·

371 2706 415 2767 vis
440 2709 527 2768 rebus
549 2707 713 2790 neglegens
735 2707 826 2785 ultor,
846 2727 967 2790 gravem
997 2730 1030 2771 se
1057 2709 1098 2771 sd
1124 2708 1241 2792 majora
1261 2705 1413 2771 vindicem

372 2794 519 2855 servabat.
564 2793 679 2876 Itaque,
700 2803 735 2854 ut
757 2793 880 2856 eliceret
894 2795 1087 2877 praedatores,
1111 2797 1202 2859 edicit
1216 2796 1287 2875 suis,
1309 2807 1413 2878 poste-

372 2897 406 2940 ro
422 2880 471 2941 die
487 2881 658 2962 frequentes
681 2891 771 2963 portu
785 2879 950 2962 Esquilina,
966 2903 1031 2964 quae
1057 2885 1243 2946 aversissima
1265 2885 1303 2945 ab
1324 2884 1414 2945 hoste

372 2975 446 3045 eret,
475 2968 661 3049 expellerent
683 2987 794 3050 pecus;
821 2968 949 3030 scituros
979 2970 1009 3030 id
1037 2970 1142 3033 hostes
1168 2983 1260 3050 ratus,
1284 2969 1366 3053 quod
1381 2971 1413 3031 in

372 3053 530 3116 obsidione
560 3065 592 3117 et
614 3053 693 3115 same
724 3054 846 3116 servitia
867 3054 962 3116 infida
979 3057 1214 3140 transfugerent.
1250 3056 1299 3121 Έῐ
1321 3057 1415 3119 sciere

373 3139 503 3224 perfuga
530 3141 644 3203 indicio
655 3163 666 3219 3
701 3142 858 3226 multoque
886 3141 998 3225 plures,
1024 3155 1058 3206 ut
1087 3145 1119 3206 in
1159 3167 1246 3210 sem
1271 3147 1416 3212 universa

372 3229 488 3312 praedoe,
512 3228 622 3290 llumen
649 3225 814 3312 trajiciunt.
858 3227 894 3292 P.
909 3227 1054 3313 'Valerius
1077 3231 1151 3294 inde
1165 3169 1205 3295 'il
1222 3233 1414 3296 Herminium

373 3335 441 3378 cum
461 3315 589 3378 modieis
615 3317 710 3401 copiis
726 3319 753 3358 ⁸⁸
769 3317 809 3382 ad
824 3318 989 3381 secundum
1004 3318 1137 3404 lapidem
1163 3317 1285 3384 Gabina
1296 3323 1346 3383 via
1361 3340 1414 3383 oc·

373 3403 487 3466 cultum
512 3402 669 3467 considere
680 3403 789 3487 jubet:
822 3403 877 3489 Sp.
898 3405 1034 3470 Lartium
1050 3428 1119 3470 cum
1135 3409 1280 3491 expedita
1305 3407 1416 3490 juven-⁴

742 3583 1048 3652 molimensem.
1107 3660 1115 3678 ·

405 3735 543 3788 ultim
561 3737 636 3804 pater]
668 3735 877 3790 Nemesim
937 3737 1082 3802 demto]
1109 3733 1237 3786 Coruinum
1276 3747 1328 3800 pne
1367 3733 1412 3782 tort

373 3801 444 3854 fluvii.
476 3803 542 3868 virg.
559 3817 616 3854 ιιιιι.
649 3803 705 3856 AEn.
723 3823 743 3856 ι.
758 3805 877 3858 cutm
907 3805 1016 3864 nemsi,
1031 3807 1054 3854 io
1072 3820 1116 3868 qus
1133 3801 1302 3859 suercllostrs,
1317 3815 1415 3848 accon·

374 3873 418 3932 ipse
437 3869 650 3922 loci..Tiberinus.
695 3871 741 3920 Ubi
775 3871 877 3931 Servius,
908 3873 959 3920 cilia
998 3871 1074 3936 populi
1108 3869 1243 3934 plerumque
1282 3866 1415 3928 agebeotut.

377 3933 575 3996 Bm'llberinus,
583 3939 635 3999 quie
643 3951 710 3998 cupra
719 3939 875 3986 diremtdeue.
908 3937 924 3966 ⁸*
935 3938 989 3987 Vid.
999 3950 1047 3986 noc.
1058 3939 1098 3986 ts
1107 3937 1144 3984 ed.
1156 3949 1173 3984 ι.
1182 3937 1223 3984 bt»
1233 3948 1308 4001 sopra·

375 3999 831 4102 ᾹιῗίιιιαιιίιΊῖὶιοιὶιιιιιηωωτιιν.
943 4003 967 4084 ‘ff
996 4001 1142 4066 Trojicereut]
1182 3998 1255 4049 Recte
1286 3996 1416 4076 Gronovius

375 4144 421 4190 ss,
435 4066 878 4197 gumtislttttlttlt
910 4063 1416 4194 lttf't‘itdll‘tlwt

375 4196 467 4276 pellendi
490 4200 513 4246 in
536 4199 631 4247 fluvium
646 4201 784 4278 'necessita
800 4197 830 4245 cd
847 4202 878 4248 sie
909 4209 1005 4301 nugat.
1022 4235 1030 4249 .
1047 4201 1200 4260 .trcjieerent.
1226 4266 1231 4276 Ι

376 4261 634 4392 lgplrsstttpr·el;p:pipiegs
646 4265 764 4380 ¹iffilrrhelllci'ocs
780 4266 878 4380 Ιτδοιξυιῗ
909 4265 1017 4380 cunduisi¹
1027 4260 1294 4378 effumnssmnifflffl
1313 4261 1356 4374 Alde
1371 4275 1415 4374 :reli

375 4411 397 4444 e.
409 4393 464 4442 tsi.
474 4391 533 4441 Sica
547 4397 577 4442 tie
586 4398 679 4456 positum
699 4395 764 4462 effeti
776 4398 878 4445 discedite
908 4397 1003 4461 publicis
1014 4398 1102 4460 singula
1119 4394 1224 4445 milliaria
1245 4393 1355 4460 lapidllun
1370 4393 1417 4455 rig·

376 4474 465 4539 corpur:
483 4470 510 4536 et
518 4457 567 4508 Cio.
579 4475 619 4522 pro
626 4461 684 4539 Sep.
697 4461 791 4530 Roscio,
802 4475 827 4515 rt.
838 4463 877 4514 71.
909 4463 1032 4515 nubentur.

376 4523 617 4587 Surrudosmflumen
628 4527 725 4590 maore.
954 4557 958 4564 -
