3175 5200
1231 272 1234 275 ’
1310 252 1322 315 i

512 364 591 428 UB.
610 362 662 426 tv.
679 362 765 426 CAP.
778 358 847 424 xi..
1138 367 1197 425 969

165 524 315 603 hostibus,
343 540 403 606 qus
422 520 503 584 viam
517 520 676 584 fecerant:
699 530 732 583 et
754 517 859 581 consul
874 515 1066 601 legionesque
1082 516 1197 581 Roma·
1210 526 1245 577 11.
1255 524 1285 575 c.
1295 528 1352 579 aaa.
1377 526 1382 533 ’

164 634 222 693 nse,
257 630 359 695 qaum,
394 608 475 692 quod
501 618 644 691 tegumen
677 605 770 669 modo
802 603 901 668 omnis
922 605 1071 668 exercitus
1092 590 1353 684 asennec-⁴²⁰·

166 719 315 783 nusquam
336 698 481 774 uiderent,
504 714 544 757 ne
572 707 620 758 tot
641 692 822 757 fortissimos
849 691 928 753 viros
944 691 1120 755 interclusos
1144 694 1201 755 ob-

189 786 311 849 rimeret
333 783 439 862 hostis,
458 780 589 846 tendunt
623 780 654 842 in
685 798 905 863 quemcumque
930 798 1044 841 casum.
1082 776 1202 841 Diversi

167 806 282 951 R'olsci,
303 870 374 933 hinc
395 868 548 931 consulem
580 888 616 930 ac
638 866 772 948 legiones
795 866 953 944 sustinere,
989 864 1086 927 altera
1104 865 1204 928 fronte

168 960 281 1023 instare
302 954 473 1041 Tempanio
502 967 593 1038 atque
615 954 775 1037 equitibus.
809 952 860 1034 qui
884 970 977 1033 quum
999 972 1078 1035 saepe
1104 952 1205 1014 conati

168 1046 342 1129 nequissent
364 1060 556 1128 perrumpere
582 1041 621 1103 ad
642 1060 721 1119 suos,
746 1039 863 1102 tumulo
888 1038 1020 1121 quodam
1046 1052 1207 1121 occupato,

169 1133 318 1195 inorbem
333 1152 365 1193 se
387 1132 578 1207 tutabantur,
593 1146 783 1210 nequaquam
804 1126 903 1187 inulti.
938 1123 1126 1207 Necpugnae
1139 1124 1207 1187 finis

169 1230 240 1283 ante
275 1230 399 1281 noctem
420 1217 488 1279 fuit
525 1214 630 1278 consul
652 1233 782 1297 quoque,
813 1231 962 1295 nusquam
991 1213 1116 1274 remisso
1141 1232 1208 1274 cer-

169 1304 295 1383 tamine,
315 1304 388 1367 dum
403 1304 567 1385 quidquam
593 1300 739 1385 superfuit
761 1299 847 1378 lucis,
867 1301 987 1362 hostem
1004 1300 1122 1362 tenuit:
1146 1319 1210 1361 nox

171 1392 304 1455 incertos
319 1390 460 1451 diremit:
485 1398 646 1470 tentusque
664 1388 703 1449 ab
722 1385 918 1470 inprudentia
937 1398 1061 1449 eventus
1080 1396 1209 1468 utraque

172 1490 272 1541 castre
285 1477 387 1539 tenuit
407 1496 511 1559 pavor,
535 1486 580 1553 ut,
599 1473 713 1537 relictis
727 1473 837 1535 sauciis
853 1485 886 1535 et
898 1492 1011 1554 magua
1022 1485 1110 1557 parte
1121 1474 1208 1556 inpe·
1221 1481 1327 1558 umque

171 1562 385 1643 dimentorum,
406 1564 496 1625 ambo
519 1572 575 1645 pr'o
588 1561 676 1624 victis
691 1555 841 1623 exereitus
854 1558 886 1621 se
914 1561 947 1622 in
970 1572 1089 1623 montes
1102 1559 1208 1643 proxi·
1220 1558 1370 1659 Q·

171 1670 238 1713 mos
253 1652 432 1734 reciperent.
463 1648 609 1711 'Iirrnulus
633 1660 735 1711 temen
760 1645 971 1709 circumsessus
984 1647 1064 1709 ultra
1077 1625 1295 1729 mediamssf

171 1747 363 1801 noctemest.
380 1734 501 1819 ⁷⁷quo¹²
532 1752 624 1817 quum
650 1733 940 1797 circumsedentibus
965 1734 1144 1797 nunciatum
1159 1756 1209 1797 es·

142 1872 145 1879 .
171 1835 228 1903 set,
241 1834 341 1887 castre
355 1823 475 1887 deserta
489 1842 565 1900 esse,
580 1823 677 1885 victos
693 1822 751 1883 reti
766 1841 848 1900 suos,
869 1833 901 1884 et
924 1821 993 1905 ipsi,
1022 1841 1081 1904 qua
1105 1842 1210 1904 quem·

172 1910 282 1993 quein
308 1909 439 1972 tenebris
460 1930 552 1992 pavor
578 1908 659 1986 tulit,
678 1908 830 1989 fugerunt.
862 1904 1051 1991 'Pempanius
1065 1920 1149 1971 metu
1163 1909 1211 1970 in·

173 1996 316 2059 sidiarum
331 2018 401 2059 suos
416 1996 455 2059 ad
470 1995 569 2058 lucem
583 1994 693 2057 tenuit.
706 1994 906 2077 ⁷⁰digressus¹
932 1994 1042 2057 deinde
1057 1996 1122 2079 ipse
1143 2016 1210 2057 cum

172 2084 277 2166 paucis
300 2082 500 2165 speculatum,
530 2100 623 2163 quum
649 2082 687 2143 eb
715 2082 826 2144 sauciis
856 2081 993 2144 hostibus
1028 2081 1213 2144 sciscitando

175 2168 383 2252 comperisset,
398 2178 497 2230 castra
510 2162 691 2230 Volscorum
707 2167 831 2229 deserta
852 2189 928 2247 esse,
943 2168 1028 2231 laetus
1042 2170 1082 2231 ab
1095 2168 1221 2231 tumulo

175 2276 244 2317 suos
263 2254 401 2332 devocat,
422 2265 454 2316 et
469 2252 500 2315 in
512 2263 611 2315 castra
624 2251 767 2315 Romana
784 2265 936 2336 penetrat.
955 2255 1007 2315 ubi
1021 2274 1114 2337 quum
1129 2266 1216 2317 vasta

175 2340 353 2423 desertaque
362 2340 476 2419 omnia,
488 2349 581 2421 atque
596 2338 747 2417 eamdem,
759 2360 851 2422 quem
866 2334 947 2423 apud
961 2341 1075 2418 hostes,
1091 2338 1214 2404 foedita-

175 2438 238 2489 tem
259 2426 432 2505 invenisset,
458 2426 633 2510 priusquam
641 2422 769 2487 Volscos
790 2428 931 2508 cognitus
947 2447 1029 2488 error
1044 2428 1214 2505 reduceret,

173 2516 200 2559 ⁷⁹
216 2513 323 2596 quibus
337 2524 460 2596 poterat
480 2513 591 2573 sauciis
614 2511 712 2573 ductis
738 2530 853 2592 secum,
869 2512 990 2595 ignarus
1004 2533 1097 2594 quam
1114 2515 1214 2595 regio-

174 2621 245 2662 nem
261 2597 365 2662 consul
381 2598 518 2681 petisset,
533 2598 574 2660 ad
587 2598 692 2660 urbem
704 2598 852 2680 proximis
867 2599 1025 2661 itineribus
1039 2601 1151 2683 pergit.

217 2683 284 2748 xl..
305 2685 377 2748 Jam
398 2706 435 2749 eo
467 2684 550 2747 fama
569 2705 678 2767 pugne
699 2684 831 2747 adversa
857 2695 1093 2767 castrorumque·
1112 2685 1214 2750 deser·
1309 2703 1322 2729 ³

174 2785 277 2836 torum
291 2771 409 2854 perlata
435 2781 522 2834 erat:
547 2783 580 2832 et
594 2782 666 2834 ante
692 2771 797 2834 omnia
821 2771 970 2855 deplorati
984 2784 1073 2836 erant
1087 2775 1215 2856 equites,

173 2880 235 2922 non
259 2859 376 2942 privato
391 2858 501 2941 magis,
514 2877 604 2940 quam
620 2858 753 2941 publico,
774 2857 879 2920 luetur
906 2858 1076 2942 Fabiusque
1098 2862 1216 2939 consul,

174 2957 290 3008 terrore
304 2943 371 3007 urbi
392 2963 512 3027 quoque
536 2942 662 3026 injecto,
688 2943 856 3006 stationem
871 2957 943 3008 ante
957 2957 1061 3027 portas
1078 2948 1190 3028 agebat
1206 2969 1215 3008 r

175 3051 269 3112 quurn
289 3031 416 3111 equites,
444 3029 548 3114 procul
572 3030 628 3092 risi
648 3050 711 3092 non
733 3029 799 3092 sine
825 3042 939 3094 terrore
964 3032 1003 3093 ab
1018 3031 1127 3110 dubiis,
1149 3033 1216 3113 qui-

176 3137 249 3178 nam
270 3128 382 3193 essent,
403 3135 476 3178 mox
490 3115 618 3198 cogniti,
640 3127 760 3178 tautam
783 3137 822 3177 ex
843 3127 928 3180 metu
956 3116 1093 3178 laetitiam
1107 3118 1217 3195 fecere,

175 3202 341 3285 utclamor
360 3203 466 3263 urbem
491 3200 670 3284 pervaderet
693 3202 924 3282 gratulantium,
950 3201 1048 3263 salvos
1071 3203 1218 3264 victores-
1289 3250 1295 3264 ,

178 3310 236 3372 que
257 3285 369 3349 redisse
391 3287 528 3368 equites:
573 3297 663 3349 etex
685 3287 804 3348 moestis
839 3287 943 3369 pauiio
967 3298 1039 3348 ante
1064 3287 1214 3369 domibus,

178 3395 244 3456 que
259 3371 556 3436 “conclamaverant
577 3392 657 3451 suos,
673 3385 900 3454 procurreretur
922 3373 953 3435 in
970 3373 1057 3450 vias;
1087 3374 1229 3457 pavide?

179 3483 236 3544 que
259 3471 369 3522 matres
386 3479 421 3521 ac
442 3457 596 3541 conjuges,
612 3457 713 3520 oblitae
728 3478 790 3540 pre
806 3458 918 3541 gaudio
940 3459 1070 3540 decoris,
1100 3461 1219 3524 obviam

179 3547 294 3631 agmini
318 3547 523 3623 obcurrerent,
544 3545 576 3608 in
599 3565 671 3608 suos
694 3565 831 3628 queque,
852 3546 940 3609 simul
968 3567 1103 3630 corpore*
1129 3560 1220 3632 atque

178 3633 343 3696 animorix
366 3653 427 3716 pre
437 3632 550 3714 gaudio
573 3643 742 3714 compotes,
765 3631 876 3697 effusor.
918 3632 1073 3698 Tribunos
1100 3635 1182 3717 plebi
1190 3636 1218 3713 ¹¹,

146 3787 151 3796 ,
178 3721 229 3804 qui
244 3718 290 3784 M.
305 3719 461 3783 Postumio
475 3730 509 3781 et
526 3715 564 3782 T.
584 3719 729 3790 Quinctio
755 3719 839 3782 diem
866 3719 1016 3800 dixerant,
1042 3723 1160 3804 ⁸¹quod
1180 3722 1220 3783 ad

305 3857 511 3924 hquodel.Grou.
619 3858 753 3927 ¹Degrssrur
763 3859 825 3926 Rup.
932 3858 1096 3924 kpieiu'scrrr.

210 3973 233 4012 ⁷⁷
250 3972 299 4030 Qum
319 3991 386 4039 qima
403 3976 613 4040 membru]
644 3977 685 4026 sic
715 3992 741 4026 rc
762 3976 886 4042 desperatis
904 3976 1039 4026 habuerant.
1079 3975 1153 4024 Mora
1173 3987 1223 4025 erat

179 4037 251 4092 MSS.
260 4051 474 4092 omneretreteres
483 4041 613 4104 emensae
624 4041 685 4090 Gro·
715 4041 824 4106 antiquis,
842 4055 966 4105 antequam
992 4052 1096 4092 mutuos
1120 4041 1223 4105 sepulcro

178 4105 259 4184 novio..
285 4105 623 4172 candurcensem
655 4107 684 4156 ln
714 4108 852 4185 conderent.
870 4119 907 4158 ter
927 4121 1008 4155 uam
1028 4107 1121 4155 nomina
1143 4123 1237 4182 magua!
1306 4115 1311 4124 '

174 4171 504 4302 ‚wliss‘nssigreffogfobigonim
514 4236 685 4288 meritomriiet
714 4169 1223 4303 :Eoreemlzmehffixtrdrr‘lmtlgn'ffi

714 4304 847 4352 eoroeianorr'
861 4304 969 4352 dicuatm
984 4301 1011 4360 ir,
1027 4301 1066 4364 qni
1075 4301 1160 4351 mortui
1169 4317 1220 4351 cre·

176 4337 436 4482 &fferam
462 4366 517 4422 m
534 4380 584 4420 '’⁰‘'
605 4367 685 4420 Μ
714 4367 974 4502 Qudnam]
989 4431 1221 4486 emenone

211 4463 451 4564 ”heremod
495 4498 540 4554 Pro
563 4500 684 4566 deplorari·
714 4497 926 4564 Ydmpnrctt
987 4503 991 4515 ’
1026 4523 1030 4529 v
