3175 5200
362 345 476 438 xxvm'
675 363 913 438 raommuu
927 361 987 456 nn
1002 359 1107 424 ‘mvn

364 527 411 602 de
438 525 496 600 his
526 524 639 620 longe
668 517 770 597 aliud
790 543 860 593 nos
886 516 1072 616 judicium
1088 517 1232 592 laturos
1257 539 1349 604 esse,
1375 516 1409 592 si

367 626 532 702 Gallicos
550 621 785 716 Punicosque
811 618 1032 692 haberemus
1062 617 1272 715 scriptores.
1331 618 1409 697 rac

365 734 507 816 autem,
537 747 600 796 eos
628 729 785 793 exstare.
838 717 1003 808 Quinam
1024 716 1093 790 tibi
1109 715 1198 791 fidei
1216 714 1407 814 digniores

364 821 602 900 viderentur?
636 818 685 908 hi,
705 840 799 913 quos
816 816 876 890 vel
898 814 1018 913 patria
1043 823 1083 890 et
1105 815 1301 912 ingenium
1327 832 1411 889 sus-

364 933 495 1024 pectos
520 916 741 994 redderent?
774 941 825 990 an
840 914 977 1005 Livius,
992 914 1058 1012 qui
1074 938 1152 987 non
1177 915 1304 988 minus
1321 939 1412 988 eun·

286 1035 312 1062 ‘
366 1023 451 1096 dide
469 1017 703 1118 popularium
720 1021 886 1112 peccatu,
901 1014 994 1088 vitia
1011 1022 1050 1087 et
1075 1013 1199 1086 clades
1215 1013 1409 1104 fateretur,

368 1119 484 1217 (quod
511 1115 707 1216 permultis
731 1113 841 1188 facile
867 1113 1048 1209 exemplis
1073 1112 1193 1186 evinci
1211 1120 1349 1210 posset,
1378 1115 1408 1186 si
1503 1195 1508 1204 ¹

363 1242 424 1294 res
441 1218 486 1292 iis
498 1213 698 1312 indigeret)
711 1236 826 1310 quam
838 1236 925 1286 vere
937 1211 1126 1308 praedicat,
1140 1210 1254 1285 etiam
1271 1212 1310 1287 in
1324 1211 1412 1287 hos·

363 1319 476 1406 tibus,
494 1340 577 1411 quae
595 1313 781 1388 laudanda
798 1311 964 1385 erantl³⁹

414 1415 542 1490 Livius
569 1437 648 1488 non
674 1413 797 1486 solum
825 1409 918 1485 dixit
933 1434 1079 1500 verum,
1106 1407 1173 1484 sed
1189 1411 1301 1493 etiam
1316 1439 1411 1511 proe-

365 1507 463 1590 olare
490 1511 596 1604 dixit,
624 1512 701 1585 sive
730 1533 803 1601 res,
821 1509 898 1584 sive
923 1511 1038 1584 verba
1062 1509 1247 1607 respicias.
1315 1514 1409 1604 Quae

366 1612 497 1711 quovis
524 1635 622 1686 anno
644 1612 683 1683 in
709 1608 932 1707 republica
960 1607 1133 1684 Romana
1156 1610 1409 1708 contigerunt,

365 1712 543 1788 adcurate
561 1721 601 1786 et
614 1709 752 1800 ordine,
765 1708 936 1806 graviora
946 1707 1040 1797 fuse,
1053 1708 1192 1782 leviora
1203 1711 1330 1808 paucis
1345 1737 1410 1786 ex-

364 1811 506 1911 posuit;
535 1811 744 1906 regionum,
762 1808 999 1906 populorum,
1016 1809 1165 1881 urbium
1182 1807 1347 1884 indolem
1363 1835 1408 1886 ac

318 1920 320 1931 '
365 1919 539 1986 naturam
564 1910 662 1983 bene
691 1906 946 1991 adumbravit3
980 1905 1176 1981 hominum
1202 1910 1409 1986 celebrium

365 2035 443 2085 non
456 2009 569 2083 modo
584 2032 641 2082 res
654 2008 751 2080 bene
766 2013 832 2080 aut
845 2007 946 2080 male
958 2014 1094 2102 gestas,
1108 2006 1174 2080 sed
1186 2016 1227 2081 et
1236 2008 1409 2104 virtutes,

365 2110 468 2199 vitia,
485 2109 614 2198 vitam,
631 2105 840 2204 ingenium,
857 2129 945 2179 vere
963 2105 1157 2203 descripsit
1173 2113 1214 2179 et
1232 2110 1407 2205 egregie;

367 2207 556 2306 quomodo
574 2206 671 2280 acies
688 2207 869 2281 instructa
880 2228 1079 2302 pugnaque
1092 2205 1303 2297 commissa,
1328 2207 1410 2303 qui-

366 2310 438 2382 bus
462 2306 627 2381 consiliis
655 2313 693 2377 et
722 2328 796 2398 qua
813 2303 956 2377 ratione
982 2303 1235 2377 memorabilis
1251 2329 1310 2379 res
1325 2315 1411 2382 actu

367 2407 426 2492 sit,
455 2405 519 2502 qui
547 2404 627 2500 ejus
654 2411 810 2475 eventus
837 2411 975 2497 etqua
992 2403 1103 2499 hujus
1126 2427 1246 2476 causae
1263 2405 1409 2501 fuerint,

246 2541 248 2546 ·
369 2526 569 2591 sensusne,
584 2526 652 2574 seu
665 2501 900 2592 temeritatis,
914 2525 980 2574 seu
998 2500 1197 2598 sapientia,
1210 2503 1300 2597 quid
1313 2504 1352 2577 in
1370 2531 1410 2580 re
1547 2589 1553 2599 ⁸

366 2603 516 2701 publiea
542 2601 813 2691 constituenda,
840 2601 1133 2675 administranda
1155 2608 1195 2675 et
1219 2606 1410 2694 mutanda,

368 2701 458 2799 quid
485 2702 525 2773 in
551 2698 722 2797 eligendo
750 2724 882 2798 eampo
905 2702 1064 2797 locoque
1081 2709 1298 2791 castrorum,
1319 2705 1412 2800 quid

367 2801 406 2874 in
423 2798 626 2874 ordinanda
642 2798 732 2889 acie,
749 2800 790 2873 in
813 2798 986 2873 subsidiis
1003 2799 1255 2896 disponendis,
1271 2798 1310 2874 in
1326 2827 1412 2899 pro-

369 2924 480 2975 cursu
509 2922 752 2987 coneursuve,
780 2900 820 2973 iu
846 2898 975 2995 inpetu
993 2897 1111 2972 hostis
1128 2899 1347 2998 excipiendo
1372 2913 1412 2979 et

367 2997 595 3098 repellendo,
614 2996 703 3094 quid
720 2998 768 3071 ab
784 2997 956 3094 equitatu
973 3009 1013 3073 et
1028 2998 1207 3095 peditatu,
1223 2998 1410 3098 hujusque

369 3108 409 3173 et
435 3098 535 3173 illius
557 3106 675 3196 parte,
693 3096 791 3170 bene
806 3106 873 3169 aut
888 3098 987 3170 mule
1017 3097 1067 3170 sit
1091 3097 1244 3188 factum,
1262 3098 1354 3173 scite
1372 3112 1412 3175 et

368 3198 582 3273 luculentur
598 3194 809 3269 declaravit.
860 3197 953 3287 Quae
969 3196 1164 3294 prreeipuae
1189 3208 1280 3273 sunt
1295 3198 1412 3273 virtu-

368 3307 427 3373 tes
439 3295 602 3372 historie
615 3300 862 3394 πραγματικῆς
875 3301 915 3369 et
927 3292 1211 3388 ἀποδεικτικῆςω,
1226 3297 1333 3395 cujus
1347 3298 1411 3373 ille

371 3396 587 3493 exemplum
611 3393 807 3491 aPolybio
835 3404 1029 3483 sumserat,
1047 3404 1087 3469 et
1115 3396 1162 3469 ad
1194 3398 1299 3493 cujus
1326 3400 1413 3472 nor-

275 3586 280 3595 ·
370 3516 473 3566 mam
493 3491 691 3564 Sallustius
709 3490 861 3586 quidem
884 3504 924 3568 et
950 3492 1084 3567 deinde
1101 3494 1163 3568 alii
1187 3496 1268 3592 jam
1285 3496 1413 3592 singu-

370 3593 426 3665 las
438 3588 599 3664 historia
611 3590 789 3665 Romanae
802 3599 926 3690 partes
940 3591 1274 3684 conformaverunt,
1286 3595 1412 3670 Lindus

372 3714 474 3783 veru,
492 3688 593 3786 quod
610 3687 785 3780 sciamus,
803 3699 923 3775 totam
937 3690 1083 3788 primus
1099 3693 1413 3771 adcommodavit.

372 3790 464 3865 Haec
491 3789 618 3863 omnia
647 3788 677 3863 si
704 3790 898 3959 exemplis,
926 3814 974 3863 ex
1000 3816 1046 3865 eo
1068 3792 1207 3889 petitis,
1227 3792 1411 3868 illustrare

371 3891 510 3965 vellem
527 3898 566 3964 et
579 3888 767 3973 evincere;
789 3912 810 3959 e
837 3898 916 3961 arta
933 3897 972 3962 et
987 3897 1136 3988 tempus
1153 3916 1215 3966 me
1228 3892 1336 3966 eitius
1350 3893 1414 3967 de-

372 3988 540 4081 ficerent,
557 4013 671 4086 quam
690 3984 809 4060 oratio
825 3994 865 4059 et
880 3990 1064 4063 materies.

424 4088 483 4160 De
503 4088 608 4179 Livii,
623 4084 788 4161 historici
815 4087 986 4161 omnium
1003 4089 1312 4185 eloquentissimi,
1330 4120 1412 4171 ora·

716 4342 739 4377 m
811 4342 877 4393 supra
941 4328 1019 4375 ⁴⁰Cf.
1037 4327 1118 4396 Polyb.
1132 4333 1194 4389 Η.
1209 4334 1249 4388 35.
1265 4336 1413 4399 2,37.3,l.

910 4390 1169 4461 7.31.³2,o,5.9,2.

1348 4654 1380 4695 l
