3175 5200
392 384 448 443 roe
735 376 736 379 ‘
803 341 1023 437 uinmvu'

224 549 257 598 υ.
267 544 295 599 c.
306 550 361 603 259.
391 537 465 601 ritos
488 536 597 615 dicere,
611 534 837 619 exprobrantes
860 553 946 596 suam
960 533 1084 617 quisque
1098 535 1174 598 alius
1188 536 1260 600 alibi
1273 537 1424 604 militiam.

225 616 360 670 ³·⁰·⁴9³·
390 623 545 688 Postulare
570 622 666 685 multo
691 619 849 683 minaciter
873 621 981 703 magis,
1006 642 1096 703 quam
1121 623 1307 706 suppliciter,
1328 639 1363 690 ut
1376 648 1425 691 sc·

388 724 494 774 natum
519 718 681 773 vocarent:
713 706 886 789 curiamque
909 708 977 789 ipsi,
1008 708 1099 770 futuri
1122 710 1226 772 arbitri
1253 714 1425 778 moderato·

389 818 493 880 resque
530 794 640 878 publici
678 793 805 871 consilii,
845 794 1079 857 circumsistunt.
1137 795 1228 858 Pauci
1263 799 1424 864 admodum

388 882 520 959 Patmm,
543 900 617 961 quos
636 899 722 941 casus
738 880 900 959 obtulerat,
921 883 1071 943 contracti
1089 883 1129 944 ad
1149 883 1310 947 consules:
1342 900 1425 951 cete·

387 991 434 1032 ros
466 980 563 1031 metus
588 986 650 1029 non
677 966 759 1027 curia
787 966 890 1045 modo,
920 968 974 1029 sed
996 969 1089 1031 etiam
1105 969 1182 1032 'loro
1208 972 1339 1036 arcebat.
1367 996 1424 1038 uec

385 1055 434 1136 agi
450 1053 612 1135 quidquam
627 1056 654 1091 ³⁰
665 1072 719 1135 per
733 1051 964 1133 infrequentiam
978 1067 1100 1136 poterat
1109 1070 1242 1119 senatus.
1262 1058 1343 1122 'Ilien
1353 1081 1423 1124 vero

384 1140 464 1203 eludi
489 1150 578 1223 atque
600 1139 718 1202 extrahi
742 1160 775 1200 se
796 1139 964 1202 multitudo
989 1152 1120 1221 putare;
1154 1155 1196 1222 et,
1227 1142 1350 1209 Panum
1373 1149 1424 1228 qui

384 1228 533 1309 abessent,
555 1247 616 1288 non
638 1246 720 1303 casu,
753 1245 816 1287 non
842 1238 937 1304 metu,
959 1227 1013 1288 sed
1037 1227 1225 1308 inpedienda
1251 1233 1293 1293 rei
1319 1254 1425 1296 caussa

384 1314 497 1393 abesse,
524 1322 557 1375 et
582 1313 718 1376 consules
747 1313 829 1396 ipsos
854 1312 1042 1393 tergiversari
1054 1336 1064 1391 ;
1098 1334 1155 1376 nec
1181 1316 1270 1380 dubie
1297 1318 1425 1384 ludibrio

383 1420 448 1463 esse
463 1400 597 1462 miserias
611 1420 691 1461 suas.
735 1397 808 1461 Jam
821 1418 919 1481 prope
933 1410 1010 1477 erat,
1031 1411 1119 1462 utne
1134 1403 1290 1465 consulum
1305 1406 1423 1487 quidem

381 1486 526 1568 majestas
555 1496 708 1549 coerceret
733 1484 792 1545 iras
819 1484 987 1546 hominum.
1016 1506 1109 1567 quum
1134 1487 1253 1568 incerti,
1279 1494 1424 1555 morando

382 1592 421 1635 an
435 1572 594 1650 veniendo,
615 1571 682 1654 plus
697 1570 823 1653 periculi
837 1572 1061 1651 contraherent,
1084 1575 1209 1636 tandem
1230 1577 1262 1637 in
1287 1592 1423 1642 senatum

381 1659 504 1723 ueniunt
520 1681 529 1721 ι
561 1658 765 1740 frequentique
790 1656 914 1719 tandem
928 1660 1021 1738 curia,
1043 1662 1068 1697 ⁸¹
1085 1680 1149 1723 non
1163 1663 1257 1724 modo
1272 1664 1351 1727 inter
1365 1664 1422 1729 Pa·

293 1782 295 1789 ·
382 1745 529 1825 tres‚·sed
554 1765 592 1806 ne
614 1744 694 1806 inter
714 1744 859 1805 'consules
883 1744 1006 1825 quidem
1035 1746 1128 1829 ipsos,
1158 1748 1233 1810 satis
1258 1754 1422 1816 convenie-

381 1834 445 1895 bat.
502 1831 629 1915 Appius,
664 1830 849 1893 vehementis
882 1831 994 1912 ingenii
1024 1832 1079 1911 vir,
1116 1833 1242 1916 imperio
1272 1838 1422 1901 consulari

382 1939 446 1981 rem
469 1919 619 2001 agendam
642 1918 807 1979 censebat:
839 1936 900 1979 uno
921 1930 974 1980 aut
993 1918 1088 1981 altero
1111 1920 1247 2004 adrepto,
1268 1923 1421 2005 quieturos

382 2006 469 2069 alios.
525 2003 676 2083 Servilius,
702 2004 818 2066 lenibus
850 2004 988 2066 remediis
1019 2006 1129 2089 aptior,
1160 2008 1327 2072 concitatos
1356 2012 1423 2073 ani-

381 2099 448 2154 mos
467 2090 560 2172 flecti,
582 2112 673 2174 quam
692 2090 801 2173 irmigi,
823 2090 950 2174 putabat
965 2099 1063 2173 'quum
1089 2093 1194 2173 tutius,
1215 2109 1281 2158 tum
1307 2096 1422 2160 facilius
1442 2160 1445 2164 ,

384 2200 460 2242 esse.

334 2290 344 2313 ·
423 2255 538 2327 XXIV·
562 2264 723 2328 Intesliaec
738 2263 836 2347 major
850 2265 925 2327 alius
945 2276 1052 2328 terror.
1096 2265 1198 2330 latim
1218 2269 1334 2351 equites
1354 2290 1422 2333 cum

381 2352 568 2415 tumultuoso
592 2352 734 2415 advolant
758 2352 890 2414 nuncio:
920 2350 1071 2414 ‘Volscos
1095 2353 1205 2417 infesto
1227 2357 1361 2420 exercitu
1384 2356 1422 2417 ad
1497 2422 1506 2439 ,

381 2440 486 2501 urbem
513 2438 748 2521 obpugnandam
770 2437 891 2501 venire?
914 2459 979 2520 quae
995 2439 1099 2502 audita
1117 2440 1207 2521 (adeo
1222 2442 1296 2505 duas
1311 2464 1350 2504 ex
1362 2464 1424 2504 una

385 2524 508 2586 civitate
531 2524 682 2587 discordia
704 2525 830 2606 lecerat)
855 2525 944 2608 louge
959 2525 1046 2588 aliter
1061 2525 1164 2589 Patres
1179 2531 1216 2589 ac'
1229 2529 1348 2613 plebem
1369 2530 1423 2591 ad-

386 2611 493 2672 iecere.
537 2609 699 2674 Exsultat&
711 2611 823 2694 gaudio
836 2612 958 2694 plebes3
988 2613 1131 2676 ‘ultores
1145 2617 1289 2697 superbire.
1302 2615 1423 2680 Petrum

387 2695 507 2758 adesse'
530 2698 629 2759 dicere
645 2695 769 2759 ‘Deos'
794 2697 868 2759 aliua
892 2699 985 2761 alium
1005 2700 1193 2778 confirmare,
1207 2704 1233 2740 ³¹
1249 2722 1287 2763 ue
1301 2705 1425 2765 nomina

388 2783 514 2845 darentt
537 2804 606 2846 cum
622 2784 760 2846 omnibus
774 2785 887 2866 potius,
901 2805 992 2866 quam
1006 2787 1097 2862 solos,
1118 2787 1276 2869 perituros.
1318 2787 1422 2851 Patres

387 2870 563 2949 militarent,
586 2869 690 2933 Patres
713 2891 799 2934 arma
817 2883 970 2954 caperent,
991 2885 1027 2936 ut
1049 2894 1141 2956 penes
1155 2872 1277 2936 eosdem
1290 2875 1424 2957 pericula

387 2956 468 3034 belli,
486 2978 576 3039 penes
593 2978 666 3040 quos
679 2957 812 3040 praemia,
834 2968 944 3023 essent.
987 2959 1031 3021 At
1052 2980 1124 3021 vero
1146 2960 1239 3039 curia,
1261 2971 1372 3023 moests
1384 2983 1422 3024 ac

387 3043 506 3128 trepida
519 3044 643 3128 ancipiti
659 3055 740 3106 metu
754 3055 787 3107 et
801 3045 839 3106 ab
853 3045 918 3106 cive
932 3056 964 3107 et
986 3047 1026 3107 ab
1047 3046 1145 3124 hoste,
1166 3044 1323 3109 Servilium
1344 3069 1420 3111 con-

387 3129 500 3209 sulem,
515 3131 563 3192 cui
588 3131 743 3212 ingenium
767 3131 864 3212 magis
887 3132 1031 3216 populare
1055 3143 1130 3212 erat,
1152 3154 1248 3212 orare,
1268 3147 1304 3198 ut
1328 3137 1423 3198 tantis

222 3239 374 3291 Memnonis
387 3217 621 3280 circumuentam
658 3216 821 3279 terroribus
860 3219 1015 3301 expediret
1050 3220 1276 3302 rempublicam.
1341 3221 1422 3285 Tum

222 3309 357 3372 composita.
387 3305 502 3384 consul,
534 3305 625 3366 misso
650 3317 767 3382 senatu,
790 3303 821 3365 in
850 3305 1027 3384 concionem
1055 3307 1167 3388 prodit.
1190 3307 1231 3369 ibi
1258 3327 1335 3371 curae
1358 3329 1423 3370 esse

386 3388 524 3455 Patribus
555 3390 699 3470 ostendit,
731 3402 766 3452 ut
797 3391 967 3454 consulatur
994 3389 1087 3474 plebi.
1114 3404 1247 3456 ceterum
1276 3394 1422 3457 delibera-

386 3478 462 3540 tioni
484 3481 510 3514 ³³
526 3476 564 3539 de
587 3478 721 3539 maxima
743 3477 865 3560 quidem
889 3478 950 3556 illa,
971 3477 1025 3539 sed
1045 3491 1147 3541 tamen
1169 3492 1256 3562 parte
1282 3481 1422 3557 civitatis,

386 3574 500 3624 metum
514 3583 569 3645 pro
582 3564 719 3624 universa
733 3564 887 3646 republica
906 3563 1108 3626 intervenisse.
1128 3585 1185 3625 nec
1210 3586 1308 3648 posse,
1329 3585 1421 3646 quum

386 3648 489 3713 hostes
502 3670 595 3732 prope
610 3648 649 3711 ad
672 3663 775 3733 portas
798 3660 907 3728 essent,
929 3649 1009 3711 bello
1033 3651 1215 3732 prevenisse
1238 3648 1420 3732 quidquam:

419 3801 442 3836 ³⁰
453 3799 498 3849 Per
507 3799 691 3865 iqsrsqueutiam.
705 3835 713 3850 .
727 3801 841 3864 ‚unm
851 3801 887 3848 Ut
919 3812 970 3864 post
989 3816 1032 3848 ms
1050 3802 1111 3848 morlo
1128 3799 1300 3860 intelligendum
1319 3811 1355 3848 est
1371 3817 1422 3849 sou.

387 3866 605 3916 senatusconsultum
632 3868 676 3921 rire
697 3867 773 3926 lieret,
800 3878 888 3914 certum
919 3865 977 3918 vid„
991 3881 1058 3931 supra
1068 3879 1087 3914 1.
1098 3865 1138 3914 4⁰.
1153 3875 1178 3913 ct
1194 3865 1334 3916 inituim&
1349 3869 1421 3918 nil.

386 3933 507 3996 quemdam
526 3945 656 3980 senatmum
673 3946 794 3980 numerum
808 3933 889 3980 adessa
922 3945 959 3982 rx.
973 3934 1008 3982 19.

387 3999 536 4062 opponebat:
562 3997 601 4060 qui
621 3999 713 4060 quidem
734 4011 774 4060 pro
796 3996 890 4044 diversis
952 3997 975 4032 ³⁹
992 3997 1007 4025 ⁴
1025 3993 1060 4044 Ns
1076 3997 1163 4044 mosim
1179 3995 1269 4057 darent]
1295 3995 1345 4057 Ns,
1360 3996 1423 4045 citati

387 4063 678 4176 ‘stultissimis
693 4063 808 4175 Sitit,
824 4060 889 4173 ‘ti‘
921 4061 1425 4179 :ittltiuilimit‘i‘r
1489 4093 1493 4098 ’

389 4143 758 4242 todmunivenor'udrnumerur.
920 4193 960 4239 sed
971 4193 1075 4240 militiam
1086 4193 1248 4241 detrectarent.
1275 4143 1291 4190 p
1413 4162 1423 4189 ’

422 4254 444 4287 ³¹
470 4255 520 4302 Non
540 4261 600 4306 nardo
619 4264 678 4306 inter
699 4257 784 4318 Patres,
806 4257 843 4304 ssd
864 4272 891 4304 ne
952 4257 974 4290 ³³
990 4255 1026 4304 De
1046 4258 1257 4321 marimo'quidm]
1283 4257 1321 4306 Do
1345 4254 1424 4319 plebe,

355 4332 363 4350 r
390 4319 448 4365 inter
465 4321 558 4368 emmeles
574 4323 669 4386 quidem]
686 4323 740 4372 Non
758 4323 826 4369 modo
844 4336 890 4368 non
922 4335 973 4382 ques
990 4322 1088 4367 maxims
1106 4323 1196 4385 quidem
1213 4334 1273 4370 esset
1284 4322 1423 4385 psrscivits·

390 4383 538 4431 conveniebat
554 4387 615 4435 inter
632 4387 716 4445 Partes,
726 4389 766 4435 seri
783 4402 814 4434 ne
830 4386 891 4433 inter
920 4385 961 4444 tir,
977 4387 1017 4432 sed
1033 4397 1109 4434 tamen
1128 4403 1178 4450 pm
1196 4398 1295 4451 tentum,
1315 4403 1362 4437 aon
1372 4396 1423 4436 tota

389 4448 493 4496 consules
505 4449 604 4510 quidem.
637 4453 684 4501 Ubi
699 4455 723 4502 in
733 4453 807 4501 altero
816 4464 890 4498 mem·
921 4450 1008 4498 civitas.

389 4512 431 4562 bro
442 4513 552 4578 reperitur
567 4529 595 4563 nc
607 4550 614 4566 .
625 4547 633 4565 .
644 4550 650 4566 .
662 4519 755 4580 quidun,
771 4517 795 4564 in
813 4517 890 4581 priore
