3175 5200
392 719 664 823 ΕΡΙΤΟΜΕ
692 709 862 810 LIBRI
887 719 990 809 VII.

211 1193 316 1260 DUO
339 1201 410 1263 novi
434 1202 634 1286 magmnatns
664 1199 779 1287 adjecti
792 1209 874 1280 svnt,
888 1211 1024 1284 praetnra
1046 1207 1078 1264 et
1098 1201 1213 1266 caralis

168 1283 311 1350 adilitas.
334 1285 519 1352 Pestilentia
533 1290 641 1354 civitas
657 1287 821 1368 labaramt
836 1308 962 1374 eamque
974 1289 1124 1373 insignem
1129 1287 1212 1372 secit

167 1391 249 1434 nrars
264 1369 354 1436 Furii
372 1373 505 1438 Camilli.
530 1372 616 1458 mjas
630 1377 798 1438 rernedinm
809 1383 841 1437 et
848 1374 929 1454 finis
942 1397 1034 1460 ptam
1042 1396 1101 1456 per
1114 1393 1211 1438 novas

167 1457 331 1542 religiones
352 1469 544 1545 qnarmetvr,
571 1461 635 1524 indi
663 1462 775 1525 scenici
799 1470 872 1524 tanc
886 1459 1116 1544 primnmjacti
1129 1471 1210 1524 sarit.

171 1542 273 1616 Qnrna
298 1545 363 1608 dies
378 1546 420 1611 L.
437 1547 560 1612 Manlio
575 1549 658 1610 dieta
675 1556 751 1610 esset
774 1567 794 1609 a
820 1547 869 1610 M.
894 1547 1068 1629 Pomponio
1090 1547 1210 1610 tribum

165 1629 263 1712 plebis
273 1641 398 1713 propter
409 1634 557 1697 delectam
570 1635 676 1698 acerbe
691 1643 806 1710 actam,
821 1642 852 1696 et
864 1638 873 1674 ¹
890 1633 928 1697 T.
944 1632 1210 1710 Manlinmfilinm

166 1736 219 1780 ras
232 1717 402 1802 relegatum
415 1723 481 1784 sine
494 1721 557 1784 nlla
579 1721 704 1784 crimine
715 1744 728 1796 ,·
745 1719 924 1783 adolescens
938 1720 1013 1802 ipse,
1026 1715 1114 1802 cujas
1128 1719 1209 1782 rele-

162 1805 254 1886 gatio
266 1807 351 1884 patri
377 1803 584 1888 objiciebatur,
600 1808 681 1870 venit
694 1808 727 1869 in
746 1805 915 1869 cnbimdvm
940 1808 1065 1886 tribuni,
1086 1807 1208 1870 stricto-

166 1911 222 1973 qne
231 1890 344 1975 gladio
367 1893 464 1977 coegit
479 1897 547 1957 eam
568 1895 600 1957 in
614 1895 707 1956 verlra
721 1889 908 1976 snajnrare,
921 1913 985 1956 non
996 1902 1206 1974 perseverant-

165 1996 234 2039 rnm
254 1997 287 2040 se
308 1979 341 2041 in
354 1981 557 2044 accusatione.
604 1979 705 2053 Qnam
727 1979 843 2043 telluris
865 1981 952 2042 ltiotn
975 1986 1042 2041 tota
1065 1979 1108 2041 ad
1135 1978 1208 2040 nlti-

166 2083 251 2127 mnm
266 2065 378 2128 territa
390 2067 495 2148 patria
509 2065 610 2147 soret,
626 2076 698 2130 tnnc
712 2067 817 2129 omnia
834 2065 970 2148 pretiom
983 2065 1078 2127 missa
1092 2073 1163 2126 stent
1176 2065 1209 2126 in

99 2169 101 2173 ⁴
162 2149 328 2232 proealtam
347 2155 527 2237 voraginem
548 2155 630 2216 vrbis
644 2151 808 2215 Romana.
829 2152 949 2214 ineam
966 2149 1087 2213 Cantica
1101 2169 1207 2213 orma-

168 2245 227 2316 tns‚
254 2238 363 2310 sedens
392 2259 478 2323 eqav,
500 2240 528 2302 si
561 2239 779 2320 precipitavit,
803 2258 899 2322 eamve
919 2237 1043 2319 ecpieta
1069 2245 1123 2299 est.
1172 2236 1208 2300 Τ.

167 2320 309 2386 Manlius
333 2324 522 2402 adolescens,
544 2325 595 2408 qni
606 2335 729 2406 patrem
746 2345 767 2387 a
789 2324 1127 2387 tribuniciavenatione
1137 2322 1207 2386 virn-

165 2407 335 2489 dicaverat,
357 2421 464 2475 contra
481 2411 619 2490 Gallam,
639 2420 856 2493 provocantem
867 2411 998 2495 aliquem
1009 2429 1049 2473 ea
1063 2409 1209 2473 mititiam

120 2567 122 2572 ,
166 2491 330 2575 Romanis,
355 2497 388 2560 in
412 2497 570 2582 virgultae
585 2508 738 2562 certamen
749 2498 914 2576 descendit,
936 2498 1021 2581 eique
1034 2497 1132 2559 occiso
1146 2505 1208 2560 tor·

165 2602 253 2666 quem
267 2604 394 2647 caream
409 2587 569 2662 detramt3
592 2607 679 2671 mrem
689 2587 755 2667 ipse
768 2593 876 2667 postea
891 2583 971 2664 velit,
986 2592 1017 2646 et
1031 2604 1070 2646 en
1079 2604 1115 2647 eo
1131 2582 1208 2647 'l'or-

205 2677 275 2732 atns
302 2679 347 2733 est
365 2682 576 2754 mancipatas„
613 2672 693 2737 Dare
719 2672 815 2735 tribas
835 2670 962 2750 addita,
987 2671 1155 2753 Pomptina
1179 2679 1210 2733 et

200 2755 318 2820 allilia.
362 2756 502 2823 Licinias
518 2756 607 2822 Stolo
630 2758 697 2842 lege
723 2760 762 2822 ab
783 2760 850 2839 ipso
874 2758 941 2822 lota
963 2756 1128 2820 damnans
1150 2767 1207 2837 est,

164 2842 245 2925 qaod
259 2844 346 2924 'plns
361 2846 534 2930 quingentis
540 2842 705 2929 jngerilms
730 2846 803 2931 agri
824 2846 1002 2927 possideret.
1046 2842 1095 2907 Μ.
1117 2843 1207 2906 Vale-

163 2929 227 2991 rius
250 2930 390 2994 tribanos
414 2933 544 2996 militnm
563 2931 701 3009 Gallam,
718 2952 738 2995 a
753 2953 812 3017 qno
828 2940 1013 3015 provocante
1034 2940 1113 3007 erat,
1131 2931 1207 2994 inssi·

165 3015 255 3077 dente
267 3018 369 3100 galeoe
394 3038 496 3096 corvo,
509 3028 539 3081 et
558 3020 714 3103 anguibus
733 3028 889 3103 rostroque
903 3019 1019 3081 ltostem
1032 3014 1208 3095 infestante,

164 3099 285 3179 occidit,
300 3111 330 3165 et
345 3125 386 3167 en
395 3124 431 3166 ev
445 3105 535 3167 Corvi
544 3120 654 3167 nomm
668 3106 810 3185 accepit,·
827 3104 989 3187 consulque
996 3102 1136 3184 pronimo
1150 3122 1207 3165 an·
1261 3162 1268 3171 ,

164 3207 215 3265 no,
234 3207 325 3270 qvam
349 3209 444 3253 annos
458 3191 571 3273 viginti
584 3199 645 3253 tres
661 3190 794 3268 liaberet,
809 3192 846 3252 ob
859 3190 1002 3253 virtatem
1017 3196 1139 3249 creatas
1152 3197 1208 3252 est.

164 3272 313 3336 Amicitia
334 3294 404 3337 cam
427 3274 746 3359 Karthaginiensibus
765 3272 893 3357 jvncta.
940 3273 1209 3357 Campanianum

165 3369 369 3443 argumentor
383 3381 404 3423 a
421 3360 607 3425 Samnitibus
620 3359 708 3441 bello,
724 3361 842 3425 anxilio
854 3360 1090 3424 adversvseosa
1100 3368 1210 3422 carata

160 3448 268 3528 petito,
294 3467 386 3530 mmm
399 3446 434 3509 id
448 3468 508 3511 non
527 3449 740 3529 impetrarent,
761 3449 863 3511 vrbem
877 3456 969 3533 atquae
982 3446 1210 3531 agrospapnio

166 3530 311 3596 Romano
337 3533 527 3598 dediderant.
550 3536 587 3597 olr
601 3556 693 3618 qnam
709 3554 852 3598 caussam
864 3555 912 3614 ea,
931 3556 999 3619 aare
1016 3534 1124 3616 popvli
1138 3532 1208 3597 lio·

164 3618 350 3700 manisaeta
372 3629 480 3697 essent,
503 3620 629 3704 defendi
654 3622 733 3685 bello
749 3622 895 3686 adversm
910 3620 1065 3685 Samnites
1077 3621 1208 3703 placuit.

168 3707 269 3781 Qnam
296 3707 336 3769 ab
351 3707 392 3769 A.
421 3706 560 3771 Cornelio
586 3706 707 3772 consvle
721 3710 870 3772 coercitas
897 3709 930 3772 in
951 3708 1086 3791 iniqimm
1112 3707 1211 3770 locam
1307 3752 1311 3760 ·

166 3794 315 3857 deductas
339 3791 374 3857 ia
385 3814 499 3878 magno
515 3794 686 3859 discrimine
701 3805 791 3875 esset,
816 3792 859 3859 P.
874 3793 968 3859 Decii
979 3792 1084 3856 Muris
1099 3794 1210 3856 tribuni

164 3880 297 3945 militnm
315 3900 409 3962 opera
422 3890 563 3945 sanatos
585 3890 641 3945 est.
662 3883 723 3966 qni,
738 3890 886 3963 occupato
902 3878 979 3944 colle
997 3899 1088 3961 caper
1102 3879 1137 3941 id
1151 3874 1209 3961 jn-

161 3988 250 4053 gnm
271 3968 305 4030 in
326 3988 386 4051 qnm
412 3965 566 4033 Samnites
591 3969 800 4049 consederant,
824 3966 1014 4031 occasionem
1040 3964 1158 4029 consuli
1175 3964 1210 4027 in

165 4055 329 4139 aptiorem
341 4054 442 4118 locam
457 4055 605 4119 evadendi
621 4055 730 4118 dedit.-
751 4055 817 4137 ipse
831 4054 873 4117 alr
888 4053 1022 4116 hostibus
1036 4052 1210 4115 maeones-

164 4162 216 4206 sas
238 4141 347 4223 empit.
395 4140 495 4213 Quam
518 4142 630 4205 milites
654 4140 801 4222 Romani,
820 4141 872 4226 qni
888 4138 1002 4221 Capua
1024 4138 1213 4221 inpraeeidio

200 4274 253 4323 ¹T.
272 4273 385 4323 Manlium
393 4274 473 4334 filiam
489 4274 670 4340 rvsrelegetnm]
740 4274 752 4309 ⁹
780 4272 837 4321 Plus
862 4274 988 4337 qmagmtis
1011 4271 1141 4336 jergeriivr]
1173 4272 1213 4322 ste

165 4337 552 4467 ilii‘³n¹:t.'2{:.?.”t.t.¹.²t.
566 4343 673 4453 *iffi
706 4339 1077 4468 xiiiilxvii-¹:¹32&
1094 4337 1213 4467 3222&

164 4466 246 4583 galam
265 4484 355 4536 quoqne
374 4484 426 4519 evm
447 4470 673 4522 comestionis
706 4470 784 4548 stega
804 4469 925 4519 Liriraum
943 4472 1014 4532 ran,
1027 4469 1080 4531 ptos
1094 4471 1216 4534 quingenta

227 4568 234 4586 .
699 4548 795 4600 jugera.
