3175 5200
177 512 212 563 U.
220 510 250 561 0.

177 578 209 629 A.
221 578 250 629 C.

343 357 400 415 nr
507 360 511 369 ·
761 340 965 425 nmervu

261 511 318 563 305·
343 516 425 568 trum
441 500 631 567 evincebant.
677 496 1009 564 ⁸¹1⁴'er0cioresitenrm
1025 494 1119 561 coorti
1134 492 1273 561 Valerius
1288 495 1391 564 Hora-

261 579 275 627 l

276 575 318 627 ⁴⁷·
346 570 1390 674 tiruquevociierori,‘ulderepubliceliceret‘diceredicturosadpo-

347 679 358 713 ‘
373 680 492 765 pulum,
501 678 526 739 si
536 676 567 739 in
575 684 683 737 senatu
687 694 743 757 per
752 672 918 737 factionem
927 694 989 737 non
999 674 1099 738 liceat.
1123 671 1230 755 Neque
1242 676 1390 737 enimsibi

347 765 359 798 ‘
372 766 517 849 privatos,
527 774 580 825 aut
589 762 620 822 in
629 760 724 839 curie,
733 772 787 822 sut
797 760 829 821 in
838 761 997 839 concione,
1007 781 1097 843 posse
1105 759 1227 823 obstare
1231 784 1243 839 3
1254 782 1353 843 neque
1358 784 1392 824 se

347 847 559 932 ‘imnginariis
574 846 705 909 fascibus
716 866 821 908 eorum
836 857 971 909 cessuros
986 844 1072 908 esse?
1093 845 1175 909 Turn
1185 847 1314 931 Appius,
1324 847 1394 931 jam
1411 912 1417 933 Ι

346 956 442 1020 prope
468 954 533 997 esse
559 945 652 1011 retus,
678 946 724 1012 ut,
750 932 780 995 ni
806 933 956 1007 violentias
975 954 1080 995 eorum
1108 934 1175 1016 pari
1201 935 1392 998 resisteretur

346 1020 486 1099 audacis,
497 1020 613 1083 victum
627 1019 786 1102 imperium
802 1031 901 1083 esset:
924 1017 1056 1081 ‘⁸³Non
1067 1018 1127 1083 erit
1137 1019 1265 1099 melius,’
1281 1022 1391 1104 inquit,
1441 1036 1450 1047 ·

346 1109 358 1142 ‘
372 1108 430 1169 nisi
438 1108 477 1169 de
486 1126 546 1188 quo
555 1101 1002 1185 consulimus,vocemmisisse.'
1013 1117 1046 1167 et
1055 1104 1265 1186 edValerium‚
1274 1121 1395 1189 urgan*

347 1192 649 1276 tem⁸⁴sep1ivsto
675 1193 812 1269 reticere,
837 1192 975 1254 lictorem
1004 1192 1150 1253 accedere
1174 1191 1275 1273 jussit.
1317 1194 1390 1257 Jsrn

347 1276 512 1351 Quiritium
531 1278 622 1341 fidem
643 1276 815 1361 inplorante
832 1274 956 1338 Valerio
980 1296 1000 1337 e
1019 1278 1109 1339 curiae
1123 1278 1238 1357 limine,
1261 1277 1296 1339 1..
1313 1279 1390 1343 Cor·

345 1366 450 1439 nelius¹
458 1365 633 1448 complexus
652 1362 797 1447 Appium,
824 1362 922 1424 ”non
942 1361 992 1424 cui
1011 1362 1176 1425 simulabat
1194 1364 1394 1445 consulendo,¹

346 1451 469 1515 diremit
491 1462 656 1514 certamen.
691 1446 833 1529 lectaque
853 1468 908 1530 per
929 1447 1106 1510 Cornelium
1127 1445 1251 1511 Valerio
1272 1449 1393 1515 dicendi

345 1538 462 1622 gratis,
478 1556 544 1618 qune
558 1534 659 1611 vellet,
681 1553 774 1615 quum
792 1534 917 1597 libertos
938 1553 1000 1595 non
1022 1534 1103 1597 ultra
1124 1554 1230 1597 vocem
1245 1539 1392 1601 excessis·

346 1636 404 1703 set,
427 1621 587 1689 decemviri
608 1621 796 1703 propositum
820 1633 954 1683 tenuere.
1007 1617 1188 1683 Consulares
1212 1644 1331 1707 quoque
1355 1648 1392 1687 ac

179 1710 186 1725 “
275 1774 300 1789 ,,
346 1710 478 1775 serriores
493 1709 533 1771 eb
548 1707 668 1770 residuo
689 1706 856 1770 tribuniciae
877 1706 1040 1791 potestatis
1060 1707 1144 1785 odio,
1168 1706 1254 1808 cujus
1269 1710 1390 1775 deside-

346 1800 424 1863 rium
438 1794 519 1880 plebi
542 1794 639 1857 multo
661 1794 770 1873 acrius,
791 1814 883 1876 quam
906 1792 1070 1855 consularis
1095 1794 1224 1876 imperti,
1246 1797 1392 1861 rebantur

346 1906 428 1962 esse,
439 1902 533 1967 prope
549 1880 704 1943 malebant
718 1880 907 1964 postmodo⁸
926 1881 1006 1963 ipsos
1026 1880 1212 1943 decemviros
1230 1882 1389 1947 voluntate

346 1972 431 2036 ebire
442 1968 644 2049 magistrum,
667 1986 759 2049 quem
781 1967 898 2029 invidia
916 1987 1020 2029 eorum
1034 1987 1194 2049 exsurgere
1209 1989 1306 2031 rursus
1322 1971 1389 2053 ple-

346 2060 428 2121 bem.
447 2056 473 2117 si
492 2054 600 2117 leniter
622 2054 715 2118 ductu
737 2074 783 2115 res
807 2054 872 2115 sine
897 2053 1034 2136 populari
1054 2055 1181 2137 strepitu
1196 2056 1237 2117 ad
1251 2059 1388 2120 consules

348 2144 493 2221 redisset,
511 2152 564 2205 aut
585 2141 671 2204 bellis
697 2141 895 2225 interpositis,
919 2152 973 2203 aut
994 2140 1202 2203 moderatione
1231 2144 1389 2207 consulum

347 2232 379 2293 in
394 2230 528 2315 imperiis
542 2229 736 2307 exercendis,
751 2249 840 2312 posse
863 2228 895 2289 in
919 2226 1101 2289 oblivionem
1120 2227 1310 2292 tribunorum
1324 2231 1392 2313 ple·
1466 2234 1471 2241 ¹

346 2319 417 2381 bern
444 2316 566 2380 adduci.
610 2314 741 2378 Silentio
770 2314 895 2377 Petrum
922 2314 1051 2379 edicitur
1077 2314 1221 2377 delectus.
1245 2316 1392 2398 juniores,

266 2440 273 2455 ·
348 2425 441 2487 quum
455 2404 521 2465 sine
535 2402 751 2486 provocatione
766 2400 928 2484 imperium
948 2412 1038 2479 esset,
1059 2399 1099 2461 ed
1120 2403 1247 2464 nomina
1267 2425 1392 2487 respon-

345 2494 430 2554 dent.
445 2489 614 2570 legionibus
629 2488 761 2572 scriptis,
785 2489 811 2527 ⁸⁶
824 2488 904 2551 inter
926 2508 959 2549 se
982 2486 1142 2549 decemviri
1162 2492 1393 2572 comparebant,

345 2598 420 2660 quos
454 2576 497 2640 irs
524 2575 564 2638 ed
582 2575 713 2654 bellum,
746 2594 822 2656 quos
855 2595 982 2658 preesse
1014 2574 1195 2638 exercitibus
1227 2590 1392 2662 oporteret.

344 2663 498 2746 Principes
520 2663 600 2726 inter
627 2663 813 2724 decemviros
839 2674 927 2724 erant
954 2662 994 2733 Q.
1016 2660 1126 2724 Fabius
1153 2675 1186 2726 et
1211 2664 1390 2748 Ap.'Clau·

342 2751 419 2814 dius.
434 2748 558 2812 bellum
576 2749 671 2811 ‘dorni
698 2747 806 2830 majus,
834 2769 926 2830 qnam
952 2746 1035 2828 foris,
1062 2750 1239 2833 adparebat.
1297 2752 1391 2835 Appii

341 2837 517 2900 violentiam
538 2835 688 2920 aptiorem
707 2835 766 2898 reti
789 2835 829 2896 ud
851 2834 1096 2918 comprimendos
1117 2837 1250 2900 urbanos
1269 2854 1390 2900 motus:

339 2925 408 2986 ⁸⁷in
424 2923 519 2986 Fabio
534 2922 634 2986 minus
658 2923 689 2985 in
705 2923 786 2985 bono
802 2934 957 3000 constans,
982 2941 1074 3005 quarn
1096 2923 1231 2985 rnrvurnh
1251 2925 1282 2986 in
1300 2925 1389 2987 muli-

339 3010 395 3089 tia,
411 3010 566 3094 ingenium
583 3031 659 3072 esse.
704 3006 798 3072 Hunc
817 3009 900 3072 enirn
918 3009 1028 3090 virum,
1048 3011 1204 3092 egregium
1218 3011 1292 3073 olim
1307 3011 1390 3074 domi
1447 3074 1452 3082 ,

339 3097 524 3184 militiaeque,
560 3096 780 3180 decemviratus
825 3097 1008 3179 collegaque
1030 3095 1075 3158 its
1111 3109 1314 3177 mutaverant,
1357 3107 1393 3160 ut

514 3271 839 3352 emendem.
890 3341 936 3364 ,Ι
1002 3283 1198 3350 *gosem

368 3441 392 3478 θ’
407 3441 540 3504 Feroeimer]
576 3444 668 3494 Omnes
687 3445 763 3509 scripti
782 3446 849 3512 fem-
880 3442 1107 3510 petraepontem,
1127 3448 1204 3505 ue‚ri
1225 3415 1392 3510 implaeebilem

336 3507 460 3569 eierrepur
476 3520 561 3571 prater
570 3508 732 3570 Sorbonieum,
741 3511 781 3574 qui
791 3528 848 3561 con·
879 3527 905 3559 re
921 3513 1034 3574 preberet
1048 3511 1147 3576 Appius,
1165 3511 1219 3560 iude
1236 3511 1326 3575 aliquod
1338 3527 1392 3559 nes-

285 3603 288 3608 ·
336 3571 470 3620 sentiemus
480 3569 584 3634 vulgetis.
880 3588 973 3626 seretur
991 3576 1108 3626 seditionis
1128 3576 1269 3638 incendium,
1300 3591 1346 3639 quo
1366 3587 1392 3623 et

368 3634 391 3668 ὅ
408 3633 460 3684 Non
468 3637 511 3685 erit
524 3634 613 3700 meliro]
631 3637 710 3690 Verbo
727 3641 849 3703 minentise
880 3643 929 3706 ipre
939 3654 962 3689 er
973 3643 1045 3690 ceteri
1056 3642 1186 3691 Decemviri
1195 3643 1367 3702 eonflsgmeut.

335 3699 655 3811 Xuzidemprorrusrslent,
674 3720 701 3755 cr
718 3707 738 3755 ei
754 3707 850 3756 dixisset
913 3703 1293 3769 ⁸⁶⁹Interes....essupererbrrrrtJ
1324 3706 1391 3756 luter

360 3766 426 3829 ppiue
436 3784 442 3814 ε
454 3766 540 3816 melum
549 3767 593 3817 eibi
602 3780 710 3826 merset,
716 3772 849 3836 quicunque
879 3787 905 3820 ee
914 3773 1030 3820 murmuri
1040 3772 1133 3821 coneilio
1148 3769 1311 3821 decernebant.
1344 3771 1392 3819 Fe·

335 3845 415 3882 roeem
435 3833 539 3882 emiserit
557 3833 603 3882 alte
616 3835 645 3882 de
662 3837 765 3896 negotio,
779 3853 849 3900 quern
880 3837 974 3886 miliarie
985 3837 1051 3886 Livio
1061 3837 1154 3887 locutio.

334 3896 365 3942 de
376 3912 422 3960 quo
430 3898 578 3952 eontulimru.
593 3897 687 3950 stetere
697 3901 765 3960 infru,
775 3919 797 3952 c.
805 3905 847 3953 ⁴8.
912 3900 981 3950 Β71η
1002 3901 1071 3951 Fabio
1090 3901 1173 3965 murro]
1199 3900 1277 3951 Mimo
1295 3902 1334 3951 iric
1353 3916 1391 3951 re·

336 3958 424 4014 &eicere
433 3965 568 4014 servm
878 3968 1013 4018 solvendum
1030 3969 1122 4018 videtur
1139 3970 1164 4015 in
1183 3967 1224 4016 bes
1240 3983 1308 4016 roser
1322 3969 1394 4030 mgis

367 4025 390 4060 ⁸⁴
406 4028 433 4077 Se
441 4031 530 4092 prinum
540 4030 644 4095 reticere]
667 4031 697 4080 Se
708 4031 807 4080 reticere
817 4045 847 4078 er
878 4050 933 4094 non,
951 4034 1065 4097 quomodo
1085 4035 1144 4098 apud
1155 4033 1212 4082 Ter.
1228 4033 1252 4080 in
1264 4033 1325 4081 Her.
1334 4032 1391 4080 Act.

331 4088 606 4156 Jueeuprlvetiborninie.
640 4094 846 4146 Primtoindandi
880 4103 993 4150 rusce-
1011 4097 1064 4148 Non
1082 4101 1122 4148 tr'bi
1139 4100 1198 4148 illud
1227 4107 1301 4146 arun
1319 4099 1394 4144 mirer

334 4168 397 4203 mu·
875 4162 1112 4225 prosequemur.-
1136 4165 1154 4212 i.
1164 4180 1187 4212 e.
1229 4162 1395 4222 ootibimrgir

353 4215 482 4295 '⁸⁵‘Noe
502 4228 540 4274 cui
567 4225 684 4276 simulabat
708 4224 848 4292 muniendo]
879 4225 936 4274 illud
955 4228 1043 4276 facturn
1064 4244 1111 4278 non
1127 4229 1214 4295 ploret,
1226 4245 1269 4278 eeu
1284 4228 1397 4292 displicet,

333 4280 461 4358 Sumulnbat
488 4285 517 4336 L.
538 4289 659 4340 Cornelius
680 4307 706 4342 ee
728 4291 849 4341 consulem
881 4307 949 4356 quem
970 4294 1037 4340 umbi.
1081 4295 1168 4343 Senrrrs
1190 4295 1259 4356 igitur
1281 4295 1342 4344 erit:
1371 4294 1397 4340 iu

332 4345 439 4416 vomo,
451 4360 477 4396 et
494 4350 650 4414 impendentis
669 4359 721 4422 ejus
738 4358 809 4422 capiti
819 4358 848 4406 ab
881 4357 952 4406 Fabio
964 4359 1398 4422 mugbeereingeniumnonconstans,

332 4412 392 4462 irato
410 4413 486 4490 Appio
508 4417 566 4466 mela
586 4421 645 4472 velle
664 4435 776 4474 evertere.
811 4421 848 4472 Re
879 4422 927 4472 sive
939 4423 1068 4476 inconstans
1084 4425 1109 4474 in
1128 4427 1199 4490 bone,
1216 4438 1394 4489 qrrerngosvum

334 4487 414 4532 eutem
434 4493 481 4545 epra
502 4483 635 4538 renuent
654 4487 738 4552 Appio,
759 4500 784 4539 er
805 4504 848 4539 cu-
880 4486 1010 4543 iurnelitie.
1308 4519 1320 4526 ··
1355 4519 1359 4524 ¹
1397 4513 1402 4522 ·
