3175 5200
220 436 222 439 Ι
329 357 388 423 na
707 352 824 412 -rnr
845 350 945 412 mvn
990 311 994 319 ’

164 518 199 569 U.
207 518 236 569 c.
245 519 302 571 371.
330 506 432 571 lucum
463 508 588 573 ’‘extra
608 514 729 590 portem
750 502 1008 585 Nomentanam,
1029 504 1110 569 unde
1131 517 1316 589 conspectus
1336 507 1368 569 in

163 582 302 635 A.c.3ssl.
331 585 515 677 Capitolium
546 614 607 657 non
640 601 728 669 esset,
759 594 922 655 concilium
948 593 1052 675 populi
1074 593 1224 657 indictum
1247 605 1304 656 est.
1327 594 1369 654 ibi
1436 624 1440 631 ·

162 649 300 703 mm*
330 681 444 743 crimen
467 681 571 758 veluit,
595 689 626 739 et
648 677 810 740 obstinatis
830 680 938 741 animis
951 680 1036 742 triste
1046 677 1210 760 judicium,
1224 681 1369 743 invisum-

330 789 388 849 que
411 768 503 829 etiam
523 764 685 847 judicibus,
708 763 833 828 fectum.
877 764 957 849 Sqnt
971 767 1023 847 qui
1037 787 1092 849 per
1108 766 1294 843 duumviros,
1316 766 1367 847 qui

331 854 370 919 de
392 852 598 935 perduellione
621 852 825 933 anquirerent,
848 863 977 932 creatos,
999 865 1140 925 auctores
1161 854 1224 916 sint
1238 854 1366 915 damna-

258 1002 263 1014 ,
329 951 407 1001 tum.
429 938 560 1001 tribuni‘
582 938 620 999 de
643 959 717 999 saxo
739 937 871 1021 Tarpeio
893 937 1087 1020 dejeeemnt:
1120 940 1264 1022 locusque
1286 940 1368 1001 idem

330 1027 446 1087 inuno
468 1025 592 1091 homine
626 1036 658 1087 et
689 1025 808 1087 eximiae
833 1026 936 1106 gloriae
963 1038 1197 1089 monumentum
1219 1037 1251 1088 et
1270 1046 1368 1108 poene

329 1111 442 1173 ultimae
474 1110 543 1175 fuit.
586 1109 723 1191 Adjectae
755 1122 875 1173 mortno
906 1122 986 1175 notae
1016 1123 1108 1174 sunt:
1143 1113 1264 1195 publica
1284 1132 1363 1189 una,

330 1198 424 1279 quod,
455 1218 548 1280 quum
578 1197 686 1259 domus
718 1195 781 1279 ejus
815 1197 931 1277 firiseet,
961 1200 1013 1262 ubi
1036 1220 1118 1261 nunc
1141 1199 1253 1261 ⁰⁷aedes
1274 1210 1364 1279 etque

329 1284 452 1347 officina
475 1283 609 1347 Monetae
632 1295 689 1362 est,
711 1284 806 1345 latum
830 1283 871 1344 ed
891 1285 1036 1366 populum
1060 1296 1117 1363 est,
1139 1306 1178 1347 ne
1193 1285 1258 1366 quis
1271 1284 1364 1366 patri·

330 1370 393 1430 ciue
409 1370 441 1431 iri
456 1391 526 1431 arce
541 1382 594 1433 aut
609 1368 761 1452 Capitolio
776 1369 949 1431 habitaret:
972 1371 1131 1452 gentilicia
1149 1371 1263 1447 eltera3
1286 1370 1367 1450 qnod

329 1456 429 1537 gentis
462 1454 587 1517 Manliae
621 1455 745 1519 decreto
775 1466 899 1518 cautum
929 1468 987 1533 est,
1018 1478 1058 1517 ue
1090 1457 1156 1537 quis
1188 1455 1299 1519 deinde
1320 1452 1368 1517 M.

329 1538 464 1604 Manlius
479 1553 647 1605 vocaretur.
691 1540 782 1603 Hunc
798 1541 914 1601 exitum
934 1542 1042 1603 hebuit
1063 1542 1118 1619 vir,
1141 1542 1199 1603 nisi
1222 1542 1253 1603 in
1275 1542 1370 1602 libera

330 1628 452 1691 civitate
467 1639 555 1691 nanis
571 1639 660 1703 esset,
675 1625 891 1687 memorabilis.
936 1624 1084 1709 Populum
1099 1628 1191 1705 brevi,
1205 1637 1368 1709 postquam

327 1714 495 1795 periculum
518 1716 609 1776 abeo
622 1712 738 1773 nullum
754 1722 829 1788 erat,
854 1732 908 1793 per
929 1732 962 1773 se
985 1714 1063 1795 ipsas
1080 1714 1291 1775 recordantem
1306 1714 1367 1774 vir·

328 1809 419 1879 tutes,
443 1798 627 1861 desiderium
651 1794 715 1876 ejus
735 1797 843 1857 tenuit.
865 1798 1036 1879 pestilentia
1049 1799 1147 1860 etiam
1161 1799 1243 1860 brevi
1257 1819 1366 1860 conse·

328 1895 410 1962 outa,
426 1882 516 1943 nullis
531 1882 758 1945 obcurrentibus
773 1893 867 1944 tantae
888 1884 983 1946 eladis
998 1885 1120 1961 cauma,
1143 1906 1181 1947 ex
1202 1882 1362 1946 Manliano
1429 1956 1434 1967 ·

329 1969 478 2051 supplicio
493 1988 612 2050 magne
626 1969 706 2051 parti
721 1968 815 2029 videri
830 1981 913 2031 orta:
937 1972 1081 2033 violamur
1097 1969 1282 2054 Capitolium
1297 1991 1362 2031 esse

328 2054 474 2135 sanguine
489 2055 658 2117 servatoris.
672 2075 729 2116 nec
744 2052 813 2116 Diis
827 2057 912 2118 cordi
936 2057 1029 2120 fuisse
1049 2078 1171 2141 poenam
1195 2055 1257 2139 ejus
1277 2057 1364 2118 obla-

328 2152 394 2203 tam
408 2161 504 2223 prope
517 2141 611 2203 oculis
634 2141 706 2220 suia,
729 2160 748 2201 e
771 2162 833 2223 quo
856 2164 913 2205 sua
936 2145 1051 2228 templa
1073 2155 1208 2228 ereptae
1227 2144 1365 2206 manibus

330 2227 463 2291 hostium
479 2238 589 2290 essent.

162 2322 301 2377 meatu.
372 2311 460 2376 XXI.
483 2312 692 2379 pestilentiam
717 2315 822 2399 inopie
845 2316 976 2399 furgum,
999 2326 1032 2378 et
1045 2318 1202 2399 vulgatam
1215 2317 1369 2397 utriusque

161 2388 301 2469 ¹⁴·⁰·³⁸,⁰·
330 2400 403 2462 meli
427 2400 541 2463 famam
566 2422 646 2465 anno
671 2403 847 2483 insequente
872 2403 1032 2486 multiplex
1052 2404 1166 2467 bellum
1181 2404 1311 2486 excepit,
1333 2399 1371 2465 L.

161 2452 306 2570 ivvssffi·
329 2485 455 2550 Valerio
469 2498 621 2569 quartum,
640 2488 680 2550 A.
700 2488 820 2551 Manlio
842 2490 976 2567 tertium,
999 2488 1065 2552 Ser.
1086 2489 1222 2573 Sulpicio
1236 2492 1370 2567 tertium,

161 2582 216 2634 Mil.
329 2571 537 2654 minoratio,
557 2573 591 2636 L.
606 2572 734 2638 AEmilio
754 2577 889 2652 tertium,
913 2573 961 2638 M.
979 2574 1146 2656 Trebonio,
1168 2577 1295 2640 tribunis
1310 2576 1368 2638 mi·

329 2661 417 2724 litum
453 2661 602 2724 consulari
642 2657 805 2743 potestate.
864 2661 980 2726 Hostes
1001 2665 1082 2743 novi,
1113 2676 1220 2745 praeter
1241 2661 1368 2724 Volscos

164 2823 165 2828 η
328 2749 412 2810 velut
433 2759 514 2810 sorte
537 2748 668 2830 quadam
699 2769 793 2831 prope
816 2750 847 2810 in
870 2761 1014 2811 aetemum
1037 2750 1204 2812 exercendo
1226 2748 1365 2814 Romano

159 2837 308 2918 Nostrone
328 2834 419 2901 militi
433 2833 532 2912 datos,
547 2832 741 2915 Circeiosque
758 2847 790 2914 et
804 2833 935 2897 Velitras
954 2837 1087 2898 colonias
1103 2834 1220 2917 jamdiu
1235 2834 1365 2896 molien-

161 2903 282 2956 lanuvini.
326 2932 373 2984 tea
390 2919 603 2998 delectionem,
619 2932 651 2982 et
666 2934 841 3004 suspectum
861 2920 993 3001 latium,
1015 2921 1161 2984 lanuvini
1174 2922 1278 2998 etiam,
1298 2939 1365 3001 qnae

326 3007 502 3068 fidelissima
524 3007 595 3067 urbs
622 3005 730 3084 fuerat,
758 3008 860 3071 subito
883 3010 991 3070 exorti.
1036 3008 1071 3070 ld
1091 3007 1194 3086 Patres
1210 3007 1270 3069 reti
1292 3025 1367 3067 oon·

326 3095 433 3173 temtu'
448 3091 596 3171 accidere,
619 3093 702 3174 quod
722 3091 885 3156 Veliternis
907 3095 1021 3157 civibus
1042 3095 1103 3156 suis
1127 3094 1251 3161 ,tamdiu
1281 3092 1370 3174 inpu-

324 3180 390 3240 nita
411 3177 544 3245 deiectio
566 3189 655 3258 esset,
679 3179 887 3259 decreverunt,
909 3192 944 3243 ut
963 3182 1063 3264 primo
1093 3201 1214 3262 quoque
1234 3191 1373 3261 tempore

324 3267 365 3338 ad
397 3265 553 3347 populum'
581 3265 707 3326 ferretur
740 3267 778 3328 de
811 3267 892 3328 bello
925 3268 969 3328 eis
1001 3267 1175 3329 indicendo.
1207 3265 1248 3327 ad
1280 3284 1371 3345 quam

324 3349 465 3434 militiam
499 3370 559 3434 quo
592 3352 725 3432 paratior
756 3352 859 3434 plebes
891 3365 981 3431 esset,
1015 3354 1227 3435 quinqueviros
1257 3349 1372 3432 Pomp-

323 3437 391 3500 tino
407 3458 492 3518 ¹agro
515 3436 693 3515 dividendo,
730 3448 762 3500 et
790 3438 963 3500 triumviros
1001 3437 1124 3520 Nepete
1158 3438 1285 3499 colonie
1317 3438 1373 3498 de-

198 3523 227 3574 '·
325 3521 470 3586 ducendae
491 3533 678 3584 creaverunt.
720 3520 813 3604 lirin,
836 3533 871 3586 ut
893 3523 1005 3584 bellum
1027 3522 1183 3606 juberent,
1207 3523 1302 3588 latum
1329 3523 1370 3584 ad

422 3651 616 3702 trunsum
627 3653 702 3703 Gron.
714 3651 782 3706 cres.
874 3655 1270 3706 esint.daussmtesnuilssas’Goon.

356 3765 744 3835 ⁰⁶EstnspornrnsFlususntusnun]
761 3770 831 3822 Porta
864 3787 909 3835 quc
937 3771 1031 3821 collium
1056 3773 1177 3821 adimebat.
1222 3771 1253 3820 Et
1276 3767 1369 3832 qssidens

325 3835 475 3885 Flumentsns
498 3834 572 3884 ibatur
591 3835 615 3882 in
637 3851 742 3900 campum
764 3837 830 3885 Mar-
864 3839 1030 3886 dnoenostris
1044 3838 1193 3902 antiquissimi
1211 3837 1298 3893 habent
1315 3833 1369 3882 Nu-

324 3904 394 3957 tium.
417 3911 512 3963 erstqns
539 3901 578 3948 ills
604 3901 727 3950 admodum
757 3902 830 3950 vicins
862 3904 1093 3952 mamsedis
1110 3918 1158 3952 uno
1174 3900 1256 3971 litter(
1267 3899 1293 3947 N
1307 3911 1369 3948 ests

325 3965 534 4030 Capitoliqucd
559 3967 652 4030 proinde
675 3983 705 4017 ex
726 3983 754 4016 ee
775 3983 831 4016 con-
862 3970 960 4018 munds
970 3983 1050 4018 mann.

324 4032 379 4093 spici
400 4044 498 4095 potent.
540 4029 596 4080 ldso
615 4033 739 4090 Nuntium,
759 4032 776 4079 1.
797 4047 831 4081 rr.
895 4033 917 4069 ⁹¹
949 4032 1017 4082 AEdes
1047 4044 1113 4096 atque
1144 4029 1231 4095 officim
1263 4029 1368 4091 Macte]

325 4095 448 4146 doctissimi
459 4097 542 4161 operis,
558 4097 597 4146 cui
608 4098 744 4154 titulasse,
760 4094 832 4147 Roas
863 4096 934 4146 AEsles
958 4098 1056 4148 lunonis
1077 4099 1191 4154 Moneta,
1207 4097 1237 4143 de
1266 4091 1270 4107 “
1320 4094 1368 4140 rid·

325 4169 397 4236 vetus,
413 4166 470 4212 ad.
486 4174 566 4211 censet
583 4163 621 4212 hic
639 4162 762 4224 legandum
781 4177 832 4210 esso
862 4161 926 4238 inim
945 4176 991 4212 ιιι.
1022 4166 1064 4214 28.
1097 4175 1123 4212 et
1154 4163 1245 4210 officina
1256 4110 1370 4221 qdidends

326 4232 638 4364 mufiomqqtptqmgqmn
657 4225 832 4356 m
862 4239 1017 4344 munga&
1038 4226 1371 4347 'cpsmmmffimg

326 4351 392 4399 :Ca
426 4353 473 4400 olto
491 4358 638 4406 remot'nsuns
652 4359 705 4415 fuit,
723 4357 830 4407 ducebat·
860 4356 899 4422 jus
919 4361 948 4406 sd
973 4359 1048 4411 dem
1071 4358 1198 4411 eadelm
1222 4364 1248 4414 ‘i
1269 4360 1372 4416 ΜΨ·

325 4429 422 4534 muns
448 4419 609 4482 comissum,
632 4424 670 4472 cni
689 4438 756 4484 agger
777 4423 830 4473 Ser.
862 4425 936 4475 batur.
1056 4431 1065 4445 “

413 4492 559 4548 conspectum
569 4486 675 4552 &nicoli
688 4499 829 4541 aeternnm·
