3175 5200
529 360 608 422 ura.
622 360 658 422 v.
679 316 906 424 csrmxxn.
1073 308 1080 321 ⁹
1170 366 1231 428 sss

187 539 280 602 quam
306 519 338 582 in
363 518 513 582 demortui
540 519 641 582 locum
667 538 775 581 censor
808 518 972 583 sublieitur.
996 521 1410 605 munumentum·

188 607 296 669 morbo
310 606 455 688 inplicitis
474 606 601 688 placuit,
620 625 675 688 per
695 604 903 686 interregnum
926 610 1065 670 renovari
1081 610 1228 693 auspicia.
1243 595 1386 648 ΗΜ·

188 691 308 775 ltaque,
333 713 426 774 quum
456 713 496 755 ex
521 692 786 754 senatusconsulto
811 691 952 753 eonsules
979 695 1160 777 magistram
1195 714 1230 759 ee

188 780 392 857 abdicassent,
418 779 551 841 interrex
574 789 693 841 creatur
715 776 762 840 M.
790 775 898 839 Furius
914 775 1083 857 Camillus;
1113 782 1164 864 qui
1194 780 1229 845 P.

189 864 363 929 Cornelium
378 864 564 948 Scipionem,
591 865 616 927 is
639 863 749 927 deinde
763 862 799 926 L.
808 860 966 926 Valerium
981 862 1116 929 Potitum
1135 868 1230 931 inter·

188 973 291 1035 regem
306 952 453 1036 prodidit.
479 954 518 1015 ab
538 972 576 1015 eo
590 952 685 1013 creati
711 973 767 1014 sex
786 950 900 1013 tribuni
928 950 1060 1014 militum
1081 954 1231 1017 consulari

189 1048 342 1122 potestate
349 1063 359 1117 3
385 1052 432 1117 ut,
448 1039 569 1102 etiamsi
583 1039 633 1101 cui
656 1060 762 1101 eorum
787 1037 1140 1103 incommodaualetudo
1155 1038 1230 1101 fuis·
1333 1061 1337 1070 ’

187 1138 245 1203 set,
261 1126 352 1209 eopia
365 1126 600 1207 magistratuum
615 1125 786 1208 reipublicae
806 1137 896 1188 esset.
1349 1156 1352 1161 ·
1464 1189 1468 1200 ,

230 1210 366 1276 XXXII.
389 1212 537 1275 Kalendis
570 1211 785 1283 'Quinctilibus
834 1213 1048 1294 magistratum
1087 1234 1162 1276 occe
1220 1214 1376 1299 'mma

187 1297 222 1361 L.
245 1297 413 1378 Lucretius,
440 1298 505 1361 Ser.
533 1298 695 1382 Sulpicius,
724 1296 772 1360 M.
795 1295 950 1378 AEmilius,
975 1298 1012 1362 1.
1032 1297 1139 1362 Furius
1183 1299 1388 1377 les-cett·

190 1385 321 1449 surinus
350 1386 524 1469 septimum,
557 1384 697 1468 Agrippa
727 1384 844 1463 ruens,
875 1383 912 1447 e.
941 1383 1087 1449 inmun
1112 1368 1400 1490 romm.23ffi

188 1469 237 1533 Ex
267 1472 314 1534 his
343 1470 379 1534 L.
404 1471 545 1535 Lucretio
569 1484 602 1534 et
627 1470 663 1534 C.
674 1468 803 1535 AEmilio
823 1469 1048 1535 Volsiniensis*
1077 1474 1234 1556 provincia
1244 1498 1401 1549 mm„

188 1558 310 1621 evenit:
334 1556 507 1642 Salpinates
532 1558 675 1641 Agrippae
699 1557 791 1621 Furio
817 1571 850 1621 et
869 1556 935 1621 Ser.
957 1556 1103 1643 Sulpicio.
1148 1560 1309 1624 Priusviai·

72 1712 77 1721 ,
189 1666 259 1707 curn
272 1644 511 1708 Volsiniensibus
537 1656 705 1728 pugnaturn
724 1657 790 1707 est:
821 1644 934 1708 bellum
949 1666 1077 1709 numero
1097 1648 1234 1711 hostium

188 1730 307 1812 ingens,
322 1732 488 1793 certamine
512 1731 595 1793 haud
624 1752 698 1795 sane
728 1751 867 1815 asperum
887 1731 956 1795 fuit.
992 1730 1234 1798 Fusaconcursu

188 1817 288 1901 primo
307 1818 387 1899 acies
414 1820 445 1879 in
460 1818 586 1899 fugam:
610 1818 707 1881 millia
732 1830 806 1883 octo
828 1828 1015 1881 armatorum
1029 1822 1069 1883 ab
1083 1821 1234 1903 equitibus

145 1970 152 1987 ,
190 1902 363 1987 interclusa,
377 1905 484 1987 positis
505 1905 608 1984 armis,
623 1906 654 1967 in
675 1904 863 1968 deditionem
876 1919 1034 1969 venemnt.
1066 1904 1141 1990 Ejus
1162 1908 1235 1971 belli

175 1986 273 2053 ¹sarna
291 1991 403 2070 effecit,
418 2012 457 2054 ne
474 2013 506 2053 se
521 2012 630 2075 pugnas
657 1993 892 2055 committerent
911 1990 1095 2075 Salpinates.
1125 1994 1249 2059 measti-e

73 2157 75 2161 Α
190 2076 246 2139 bus
275 2078 384 2141 armati
414 2100 446 2143 se
469 2079 657 2141 tutabantur.
679 2078 812 2141 Romani
842 2079 959 2162 praedas
993 2080 1109 2162 passim
1137 2091 1171 2143 et
1197 2100 1238 2143 ex

190 2162 340 2246 Salpinati
371 2186 456 2247 agro,
482 2176 515 2226 et
543 2186 582 2227 ex
595 2164 792 2244 Volsiniensi,
821 2166 906 2229 nullo
925 2186 994 2229 eam
1012 2167 1075 2229 vim
1100 2178 1237 2245 arcente,

190 2263 336 2332 egerunt:
360 2250 465 2314 donec·
487 2247 728 2315 Volsiniensibus
751 2252 838 2315 fessis
861 2252 943 2315 bello
977 2272 1017 2315 ea
1048 2252 1238 2329 conditione,

188 2348 224 2398 ut
249 2356 296 2398 res
312 2338 426 2420 populo
451 2337 592 2401 Romano
616 2338 787 2418 redderent,
813 2339 1056 2423 stipendiumque
1080 2337 1146 2421 ejus
1164 2337 1237 2402 anui

189 2424 335 2486 exercitui
354 2434 542 2506 prestarent,
573 2425 603 2487 in
634 2425 741 2507 viginti
773 2446 869 2487 annos
890 2424 1022 2489 indueiae
1041 2425 1131 2489 datse.
1172 2424 1237 2487 Ro-

191 2508 262 2571 dem
294 2531 375 2573 anno
390 2509 437 2571 M.
452 2509 602 2573 Caedicius
629 2511 668 2571 de
691 2511 780 2593 plebe
811 2512 966 2575 nunciavit
985 2511 1125 2589 tribunis,
1150 2509 1237 2573 sein

189 2617 270 2658 nova
291 2597 351 2674 via,
377 2597 428 2659 ubi
444 2619 526 2660 nune
542 2596 686 2660 sacellum
701 2609 758 2677 est,
779 2619 871 2680 supra
891 2589 988 2660 sedem
1003 2596 1115 2676 Veste,
1128 2615 1237 2659 vocem
1249 2599 1303 2650 vex
1313 2598 1397 2677 eseias.

188 2683 288 2744 noetis
312 2675 433 2745 silen'tio
457 2684 577 2746 audisse
601 2683 758 2745 clariorem
787 2685 933 2762 brunone,
957 2704 1024 2765 quse
1048 2677 1406 2780 magistrati·ffflffium

186 2769 245 2832 bus
260 2769 320 2830 dici
347 2767 480 2850 juberet,
496 2767 600 2832 Gallos
618 2769 793 2833 adventare.
831 2768 878 2848 ld,
904 2781 941 2832 ut
954 2769 1001 2849 fit,
1016 2781 1144 2854 propter
1163 2790 1359 2847 auc-m„

187 2857 262 2918 toris
279 2855 486 2919 humilitatem
502 2866 650 2938 spretum,
670 2867 703 2918 et
732 2856 814 2939 quod
835 2856 1012 2939 longinqua,
1035 2877 1134 2939 eoque
1148 2857 1239 2938 igno·

188 2943 261 3020 tior,
276 2957 351 3024 gens
367 2955 442 3010 erat.
486 2941 596 3025 Neque
613 2941 750 3005 Deorum
767 2942 861 3006 modo
886 2943 1017 3022 monita,
1034 2945 1063 2982 ¹⁸
1078 2943 1241 3026 ingruente

188 3027 266 3105 lato,
282 3039 404 3110 spreta,
435 3028 489 3090 sed
505 3030 672 3090 humanam
687 3049 808 3110 quoqne
822 3046 926 3111 opem,
940 3049 1007 3109 quae
1020 3048 1083 3090 uua
1097 3041 1176 3106 erat,
1190 3025 1241 3088 M.

190 3111 313 3174 Furium
341 3115 387 3174 ab
420 3115 494 3176 urbe
517 3134 667 3175 amovere.
696 3115 760 3194 qui,
783 3114 834 3175 die
855 3114 940 3175 dicta
965 3114 1005 3174 ab
1026 3111 1062 3174 1..
1086 3112 1241 3196 Appuleio
1253 3119 1366 3171 cenula

190 3198 314 3260 tribuno
329 3199 425 3280 plebis
456 3201 483 3238 ²⁶
494 3210 620 3280 propter
642 3199 774 3281 predam
789 3194 1005 3276 Veientanam,
1034 3196 1100 3259 filio
1121 3218 1242 3280 quoque
1253 3196 1370 3266 .¹“⁰¹¹.‘F¹

191 3283 386 3346 adolescente
400 3304 455 3367 per
470 3284 552 3346 idem
572 3295 692 3366 tempus
707 3284 844 3361 orbatus,
865 3304 969 3365 quum,
990 3283 1101 3346 adsitis
1115 3285 1242 3348 domum
1252 3251 1392 3369 ww

190 3374 216 3418 ²⁷
242 3370 410 3442 tribulibus,
424 3369 645 3451 clientibusque
654 3369 673 3448 ¹,
703 3367 830 3452 (magua
849 3390 920 3452 pars
943 3369 1042 3453 plebis
1072 3369 1151 3450 erat)
1172 3390 1242 3452 per·

191 3467 352 3521 cunctatus
372 3456 491 3519 animos
507 3475 623 3537 eorum,
638 3459 817 3539 responsum
832 3455 962 3536 tulisset,
988 3456 1044 3520 ‘se
1055 3455 1244 3538 conlaturos,

237 3670 251 3706 l·
263 3665 402 3715 Volsinienses
411 3663 486 3714 Grou.
498 3661 568 3713 cm.
641 3659 648 3696 ¹
658 3669 678 3710 es
686 3661 802 3712 miltes
811 3679 859 3728 que
867 3680 949 3729 ηομ·
959 3664 1025 3715 Est.
1041 3662 1096 3716 MS.
1107 3664 1192 3715 Vsltb.

224 3851 245 3884 ὓ
264 3847 280 3878 *
300 3847 423 3912 ingruente
434 3845 501 3912 sete]
531 3847 589 3896 Fsto
609 3857 701 3923 pestem
732 3847 790 3897 libas
809 3847 965 3912 cratibusque
988 3845 1084 3926 (sesque
1103 3861 1158 3909 μη
1174 3845 1243 3924 plebis

192 3913 468 3971 molientsliomsumst
482 3927 532 3973 eos,
549 3927 595 3975 quo
612 3912 702 3962 facilius
732 3912 801 3978 aas).
844 3912 906 3961 sene
932 3927 992 3978 sepe
1021 3913 1101 3962 Iussus
1121 3922 1242 3975 suppurare

190 3982 452 4047 perirent,sxtsstsnts.
732 3976 864 4039 relativum,
882 3987 910 4026 ut
927 3989 1024 4042 suprer.
1039 3976 1243 4027 tommosam

91 4070 95 4076 ·
223 4041 246 4080 ὕ
264 4045 465 4108 Prepsrpredm
486 4041 638 4105 Veiorum]
665 4044 702 4094 Ex
733 4041 1068 4118 inplerlsqusseript'ulegi:
1093 4039 1245 4102 metm

191 4127 220 4160 es
231 4111 355 4160 Camillum
365 4109 473 4157 tribunus
480 4109 587 4170 arguebst
597 4109 701 4172 mam
734 4109 897 4172 mustellis
913 4124 939 4156 es
951 4125 1006 4160 m
1023 4107 1162 4156 nem
1173 4104 1243 4169 fuit:

193 4177 363 4226 iursmertisss:
386 4175 489 4238 adeoque
505 4173 582 4221 sslrss
597 4175 703 4236 qussdsns
735 4173 856 4222 Amissa
862 4174 1043 4234 putretudinem
1052 4186 1144 4219 mes:
1158 4171 1243 4218 omino

145 4247 151 4254 '
193 4251 302 4292 tremes
314 4241 418 4289 hostibru
430 4251 505 4304 reptes
516 4239 579 4286 domi
588 4241 639 4304 ejus
646 4239 704 4287 sisse
735 4238 770 4297 τῷ
788 4239 836 4294 cui,
853 4238 914 4300 qrrod
931 4236 1000 4299 vulgo
1017 4236 1073 4285 editi
1084 4235 1178 4284 addunt.
1211 4233 1243 4283 Es

192 4306 377 4369 ssssjaetsbstur.
410 4303 588 4358 Plurmncm.
736 4303 792 4351 infra
804 4301 920 4351 boclibro
930 4317 952 4353 t.
963 4303 1004 4352 ³⁵.
1040 4298 1244 4350 dumsatio

202 4372 248 4422 .⁹⁷
266 4371 553 4428 Tribullbusetelieutibus,
563 4385 610 4432 que
621 4385 702 4434 mgna
733 4383 761 4416 ee
785 4365 869 4414 Versae
889 4367 952 4415 ardes
971 4376 1035 4433 uss,
1059 4363 1135 4433 (lm
1156 4374 1244 4418 lesem

191 4435 255 4499 pers]
272 4435 378 4486 Oustuor
394 4437 453 4498 regii
470 4435 537 4485 codd.
556 4445 582 4484 st
593 4435 702 4484 Serboni·
733 4431 816 4499 Libui)
825 4433 952 4486 wendul-

192 4515 244 4566 eus,
254 4499 368 4570 Acmen,
385 4513 410 4552 st
420 4501 458 4556 elii
470 4512 527 4555 vett.
538 4501 605 4562 editi,
617 4497 698 4552 lilla·
