3175 5200
190 1719 320 1767 lincuntur

190 1782 308 1833 Veientes.

183 514 326 584 tib-arr.

187 590 326 645 acmes.

352 346 409 418 1³4
774 350 860 413 am
878 348 980 412 alvu

354 514 366 551 ‘
378 516 483 581 hostes
493 516 591 598 magis
612 507 738 587 timetis,
752 527 843 590 quarn
858 506 968 571 dorem
981 489 1184 591 Martemque,
1192 490 1247 593 per
1262 529 1338 592 quos
1348 505 1401 595 ju·

355 602 366 637 ‘
381 604 491 667 rastis?
508 602 551 664 At
561 620 618 681 ego
629 595 777 681 injuratos
793 602 847 654 aut
860 593 959 667 victor
973 608 1114 672 revertar,
1126 605 1180 657 aut
1194 598 1287 681 prop'e
1299 609 1330 659 te
1339 596 1401 682 hic,

356 689 421 759 ‘Q.
436 685 521 763 Fabi,
542 684 690 749 dimicans
716 677 851 751 cadam?
874 678 998 742 Consuli
1013 692 1078 743 tum
1101 680 1141 743 K.
1157 680 1268 745 Fabius
1292 683 1401 768 prioris

355 775 426 837 anui
442 772 557 847 consul,
584 766 755 828 ‘Verbisne
779 764 857 843 istis,
876 766 979 845 frater,
998 778 1033 830 ut
1047 779 1194 850 pugnent,
1218 780 1249 831 te
1263 770 1400 851 inpetra-

356 862 481 925 ‘turum
497 852 615 916 credis?
639 851 691 917 Dii
720 852 928 933 inpetrarunt,
942 874 996 937 per
1011 856 1086 935 qu'os
1101 853 1251 935 juravere.
1280 854 1322 917 Et
1335 877 1402 947 nos⁸

355 945 366 978 ‘
380 958 414 1006 ut
438 943 527 1005 decet
544 960 693 1023 proceres,
712 947 747 999 ut
763 936 858 999 Fabio
880 941 1002 1000 nomine
1023 941 1071 1002 'est
1086 940 1222 1023 dignum,
1236 943 1401 1026 pugnando

356 1028 492 1111 ‘potius‚
508 1047 598 1108 quam
614 1023 816 1100 adhortando,
836 1024 1038 1088 accendamus
1052 1026 1184 1091 militurn
1193 1026 1323 1101 animos.
1348 1026 1401 1090 Sic
1474 1039 1477 1045 '

356 1114 439 1175 ‘inl’
454 1114 586 1198 primurn
609 1111 724 1175 infestis
751 1110 848 1173 hastis
871 1111 1032 1199 provolant
1055 1112 1116 1174 duo
1131 1110 1228 1193 Fabii,
1243 1107 1401 1197 totamque

357 1209 516 1263 movemnt
535 1218 638 1263 secum
653 1198 761 1259 aciem.
808 1218 811 1223 ·

400 1282 528 1347 XLVII.
550 1284 660 1357 Proelio
678 1304 716 1344 ex
738 1295 826 1367 parte
847 1304 908 1345 una
935 1284 1087 1362 restituto,
1110 1285 1206 1346 nihilo
1228 1286 1348 1368 segnius
1369 1286 1401 1349 in

358 1372 453 1440 altero
481 1391 572 1441 cornu
603 1369 660 1431 Cn.
676 1368 812 1431 Manlius
837 1371 943 1433 consul
970 1391 1104 1454 pugnam
1120 1370 1240 1433 ciebat:
1261 1371 1312 1432 nbi
1332 1392 1403 1455 pro-

379 1480 395 1518 e
419 1456 523 1517 similis
553 1456 673 1519 fortuna
696 1466 743 1517 est
776 1467 905 1517 versata.
928 1476 1000 1518 nam
1021 1468 1056 1519 ut
1079 1457 1176 1519 altero
1199 1458 1232 1518 in
1256 1478 1349 1519 cornu
1365 1457 1404 1528 Q.

356 1478 496 1619 labium,
520 1542 563 1603 sie
592 1542 623 1604 in
649 1542 709 1603 hoc
729 1542 829 1623 ipsum
853 1543 1009 1605 consulem
1033 1541 1196 1621 Manlium,
1229 1542 1296 1625 jam
1323 1544 1404 1605 velut

359 1628 439 1689 lusos
455 1639 596 1709 agentem
619 1628 732 1705 hostes,
756 1640 788 1699 et
814 1628 932 1711 inpigre
955 1627 1067 1690 milites
1086 1630 1283 1708 secutisnnt5
1312 1641 1355 1707 et,
1369 1640 1404 1692 nt

359 1713 409 1775 ille
428 1716 511 1799 'gravi
537 1714 658 1776 vulnere
676 1715 754 1776 ictus
770 1732 809 1775 ex
832 1712 898 1775 acie
921 1715 1021 1793 cessit,
1037 1713 1230 1778 interfectum
1245 1717 1315 1793 rati,
1333 1736 1404 1797 gra·

359 1800 431 1861 dum
447 1801 584 1863 retulere.
607 1801 825 1881 cessissentque
838 1800 919 1879 loco,
933 1801 965 1861 ni
981 1800 1085 1862 consul
1098 1800 1185 1877 alter,
1200 1820 1271 1863 cum
1286 1802 1404 1881 aliquot

358 1886 464 1947 turmis
482 1886 618 1967 equitum
644 1886 675 1947 ln
698 1907 766 1947 earn
787 1898 907 1967 partem
930 1885 1027 1948 citato
1047 1886 1291 1967 equoadvectus,
1306 1886 1405 1948 virere

358 1970 517 2033 clamitans
533 1972 734 2051 collegam,se
747 1971 893 2036 victorem
901 1971 967 2033 fuso
983 1972 1079 2033 altero
1091 1992 1204 2034 cornua
1219 1972 1315 2050 desse,
1341 1992 1405 2033 rem

358 2056 537 2117 inclinatam
560 2058 760 2119 sustinuisset.
801 2054 938 2118 Manlius
963 2076 1083 2138 quoquc
1123 2058 1163 2119 ad
1187 2059 1406 2121 restituendam

359 2143 456 2203 aciem
483 2162 514 2203 se
543 2143 608 2224 ipse
647 2161 752 2204 coram
781 2141 890 2205 obfert.
927 2141 1065 2203 Duorum
1093 2144 1250 2207 consulum
1281 2144 1407 2224 cognita

356 2228 413 2288 'ora
435 2228 605 2289 accendunt
625 2227 756 2290 militum
783 2228 912 2289 animos.
949 2226 1038 2288 simul
1053 2237 1085 2289 et
1098 2230 1126 2267 ⁸⁶
1141 2248 1160 2287 v
1202 2228 1326 2311 iorjam
1341 2240 1406 2291 erat

360 2314 495 2375 hostium
521 2314 612 2393 acies,
642 2314 727 2391 dum,
754 2312 929 2375 abundante
944 2312 1139 2375 multitudine
1153 2248 1234 2393 libi,
1252 2316 1407 2377 subtracta

360 2398 493 2459 subsidia
526 2400 654 2461 mittunt
693 2400 733 2461 ad
769 2408 868 2461 castra
902 2399 1116 2482 obpugnanda.
1160 2398 1196 2464 ln
1231 2422 1297 2483 quae
1325 2402 1406 2463 haud

362 2482 474 2565 magno
501 2484 666 2545 certamine
702 2485 807 2567 inpetu
836 2484 929 2563 lacto,
954 2484 1027 2547 dum
1048 2486 1155 2567 praeda
1184 2488 1292 2569 magis,
1315 2508 1404 2569 quam

358 2589 467 2654 pugnae
489 2588 638 2648 memores
661 2578 786 2633 temnt⁰
804 2570 962 2656 tempus⁶3
993 2572 1089 2634 triarii
1112 2571 1254 2652 Romani,
1277 2573 1328 2656 qui
1341 2574 1404 2657 pri-

359 2677 442 2717 mam
463 2656 672 2738 ‘inruptionem
698 2657 845 2720 sustinere
875 2681 937 2721 non
951 2669 1125 2742 potuerant,
1151 2660 1250 2720 missis
1273 2660 1312 2722 ad
1330 2681 1404 2722 con-

360 2739 438 2802 sules
456 2741 585 2818 nunciis,
600 2761 660 2823 quo
677 2741 745 2804 loco
782 2765 829 2805 res
865 2755 1000 2824 essent⁸,
1024 2745 1198 2830 conglobati
1207 2748 1234 2791 ⁶⁷
1259 2745 1299 2807 ad
1321 2765 1405 2834 prae·

360 2827 472 2899 torium
487 2826 622 2906 redeunt,
637 2839 669 2890 et
703 2850 757 2894 sua
779 2828 970 2915 sponteipsi
999 2832 1159 2916 proelium‘
1175 2844 1341 2893 renovant:
1373 2843 1406 2894 et

361 2915 497 2976 Manlius
523 2915 637 2992 consul,
663 2927 798 2978 revectus
822 2917 852 2978 in
875 2930 985 2997 castra,
1008 2919 1048 2980 ad
1063 2939 1167 2980 omnes
1190 2929 1293 3000 portas
1308 2917 1406 2979 milite

361 3003 511 3084 obposito,
536 3001 672 3064 hostibus
704 3003 784 3064 viam
823 3003 983 3068 claruerat.
1035 3004 1082 3066 Ea
1107 3004 1277 3089 desperatio
1295 3002 1404 3065 'lbseis

361 3090 475 3152 rabiem
505 3087 613 3170 magis,
640 3110 730 3172 quarn
746 3088 917 3170 audaciam,
933 3091 1084 3154 accendit.
1106 3110 1286 3173 numqaum
1304 3090 1406 3151 incur·

361 3187 473 3256 santes,
504 3195 692 3258 quacumque
714 3176 831 3238 exitum
845 3176 1018 3242 ostenderet
1044 3193 1122 3262 spes,
1146 3198 1225 3238 vano
1248 3176 1406 3257 aliquoties

361 3262 467 3346 inpetu
493 3261 606 3339 issent3
637 3263 745 3344 globus
767 3261 912 3344 juvenum
942 3284 1018 3325 nnus
1062 3264 1094 3324 in
1129 3263 1227 3346 ipsum
1251 3263 1405 3324 consulem

361 3349 509 3430 insignem
539 3349 630 3410 armis
653 3349 777 3412 invadit.
825 3349 926 3413 Prima
948 3360 1078 3433 excepta
1095 3371 1115 3411 a
1138 3349 1404 3411 circumstantibus

362 3433 433 3496 tela.
462 3433 600 3496 sustineri
619 3434 726 3496 deinde
741 3435 785 3496 vis
800 3438 905 3519 nequit
914 3447 938 3499 ⁸.
975 3435 1088 3498 Consul
1103 3436 1260 3497 mortifero
1282 3435 1403 3495 vulnere

361 3518 439 3580 ictus
462 3518 557 3594 cadit,
580 3517 694 3600 fusique
718 3520 801 3583 circa
825 3543 941 3586 omnes.
991 3519 1100 3583 'l'uscis
1126 3521 1235 3586 crescit
1266 3520 1405 3582 audacia.

360 3601 515 3682 Romanos
536 3613 631 3664 terror
644 3626 698 3686 per
723 3617 791 3669 tota
806 3619 905 3673 castra
916 3607 1051 3690 trepidos
1072 3607 1147 3689 agit.
1165 3619 1201 3678 ,et
1215 3606 1255 3668 ad
1268 3618 1406 3667 extrema

360 3701 483 3764 ventum
509 3689 598 3766 foret,
628 3691 659 3751 ni
684 3689 788 3774 legati,
814 3701 902 3775 rapto
925 3694 1058 3755 consulis
1079 3714 1214 3777 corpore,
1238 3691 1403 3775 patefecis-

359 3781 427 3838 sent
442 3792 503 3837 una
530 3786 620 3857 porta
639 3775 779 3839 hostibus
793 3779 885 3840 viam.
916 3777 963 3841 Ea
992 3793 1170 3862 emmpunt3
1194 3788 1405 3840 consternato-

360 3881 418 3944 que
438 3861 559 3944 agmine
579 3861 724 3925 abeuntm
747 3863 779 3924 in
805 3863 952 3928 victorem
981 3865 1112 3928 alterum
1132 3865 1271 3930 incidunt
1294 3884 1406 3928 consu·

359 3947 430 4013 lem.
453 3949 495 4014 ibi
511 3949 620 4022 iterum
640 3949 708 4011 caesi
732 3947 848 4032 fusique
869 3952 994 4034 passim.
1016 3950 1155 4014 Victoria
1169 3951 1294 4034 egregia
1308 3960 1406 4034 parta,

383 4101 429 4152 ern
440 4104 487 4154 uel.
504 4103 559 4154 MS.
570 4103 653 4154 νεῖαι.
718 4111 832 4154 vinnm
843 4107 917 4158 Gran.
929 4109 998 4159 cm.
1049 4107 1265 4170 ‘murm
1274 4113 1334 4156 mr
1350 4104 1406 4152 MS.

360 4165 440 4230 Veitlr.
505 4175 576 4218 eerret
592 4167 741 4222 navent.
807 4169 976 4237 ‘preliantur'
989 4173 1144 4225 (imeres.
1207 4168 1395 4234 amiitcrev.

360 4279 444 4394 fftlffl·
461 4297 529 4343 quam
553 4294 614 4337 estu
638 4299 707 4338 mauu
723 4285 815 4341 vibratis
840 4288 865 4352 iu
928 4279 1033 4339 ⁶²⁸Ad
1042 4288 1182 4354 mortun]
1205 4286 1244 4335 Ad
1261 4298 1312 4334 eam
1330 4283 1406 4344 naio-

378 4356 490 4421 ΝΜ,
579 4413 585 4424 ,
895 4370 950 4406 nom
971 4366 1106 4423 mnarum,
1127 4355 1153 4405 iu
1170 4369 1214 4422 qua
1229 4349 1330 4404 teuteus
1351 4363 1406 4400 coa·

309 4444 313 4454 ·
376 4407 415 4475 ’Ψ
430 4407 528 4470 VW]
550 4409 865 4485 Mfflvdwmlnmm·
895 4420 1055 4474 mlumenur.

360 4474 513 4537 fortunium·
522 4473 585 4526 am·
