3175 5200
384 376 439 433 164
795 368 881 431 'm‘l
899 367 1000 431 Ltvn

214 544 249 596 11.
258 544 289 597 c.
299 547 361 601 war
379 526 452 593 bem
465 527 566 593 iniret.
608 526 699 591 Anno
712 527 834 613 ¹deinde
856 529 1038 613 insequenti‘
1051 527 1101 591 lex
1112 526 1292 610 Terentilia,
1311 532 1351 595 ab
1364 544 1414 597 to-

215 612 248 661 A.
258 612 287 661 ⁰·
300 616 356 665 ⁴⁶9·
379 627 414 680 to
428 610 526 681 'relata
539 615 678 697 collegio,
696 636 789 679 noros
810 616 953 699 adgressa
973 617 1110 681 consules
1133 630 1189 680 ast
1204 630 1292 683 erant
1305 640 1414 683 consu·

214 677 348 803 fflff'
379 703 423 767 les
446 702 480 766 P.
495 701 686 781 Volumnius,
710 700 774 766 Ser.
795 699 975 785 Sulpicius·
997 702 1044 765 Eo
1070 724 1151 766 armo
1174 706 1286 769 coelurn
1309 707 1414 770 ardere

214 808 316 873 Sulpicio
378 790 496 869 visum3
519 802 599 852 terra
626 788 743 871 ingenti
771 810 918 851 concussa
941 802 1027 852 motu
1052 802 1109 853 est.
1139 792 1245 853 bovem
1270 793 1414 873 locutam,

213 871 278 925 c⁰¹⁸·
380 876 428 939 cui
451 877 494 939 rei
516 877 614 959 priore
640 894 721 959 anno
741 874 816 953 fides
837 895 898 936 non
918 874 1026 955 iuerat,
1047 877 1205 941 creditum.
1249 877 1332 942 Inter
1354 881 1414 942 alia

377 962 516 1045 prodigia
535 972 567 1024 et
592 963 619 999 ³⁸
635 970 772 1023 carnem¹¹
795 960 895 1041 pluit:
919 983 1008 1043 quern
1031 962 1158 1025 imbrem
1176 966 1283 1047 ingens
1306 986 1412 1029 nnme-

377 1069 427 1111 rns
456 1048 557 1111 avium
587 1046 821 1109 intervolitando
849 1048 981 1131 rapuisse
1007 1049 1111 1113 fertur.
1139 1051 1221 1133 quod
1245 1054 1411 1131 intercidit,

376 1137 403 1181 ³⁷
412 1156 549 1219 sparsum
563 1132 609 1195 ita
617 1130 748 1215 jacuisse
763 1153 817 1213 per
836 1133 951 1215 aliquot
966 1134 1041 1214 dies,
1064 1148 1100 1198 ut
1123 1138 1199 1200 nihil
1221 1139 1296 1201 odor
1310 1149 1410 1202 muta-

377 1231 433 1283 ret.
475 1223 503 1259 ’Β
512 1218 603 1295 Libri
613 1240 667 1302 per
682 1218 853 1281 duumviros
868 1240 1021 1282 sacrorum
1037 1222 1133 1285 aditi:
1155 1224 1289 1306 pericula
1302 1248 1321 1288 a
1334 1246 1410 1289 con·
1448 1287 1456 1302 „

374 1324 467 1371 uentu
478 1297 713 1391 abenigenarum
735 1305 890 1388 praedicta,
914 1326 954 1367 ne
977 1308 1029 1388 qui
1053 1308 1085 1370 in
1103 1308 1173 1371 loca
1191 1331 1307 1372 summa
1329 1313 1411 1375 urbis

376 1392 506 1477 inpetus,
521 1392 677 1476 caedesque
688 1390 758 1455 inde
766 1391 883 1454 fierent.
897 1392 978 1455 inter
991 1405 1094 1457 cetera
1107 1396 1268 1475 monitum,
1281 1409 1316 1472 ut
1330 1398 1409 1459 sedi-
1426 1396 1431 1401 ’

377 1476 509 1543 tionibus
540 1479 749 1541 abstineretur.
792 1476 830 1540 ld
851 1479 966 1547 factum
992 1482 1034 1544 ad
1062 1481 1274 1566 inpediendam
1302 1484 1411 1565 legem,

376 1566 489 1629 tribuni
519 1565 764 1645 criminabantur,
794 1566 961 1649 ingensque
990 1567 1097 1631 aderat
1125 1582 1289 1632 certamen.
1331 1568 1413 1633 Ecce

378 1648 424 1731 (³⁹¹
433 1664 469 1715 ut
498 1652 578 1715 idem
608 1652 640 1714 in
672 1652 929 1735 singulos-annos
965 1656 1045 1717 orbis
1074 1655 1254 1736 volveretur)
1286 1654 1411 1719 Hernici

208 1759 325 1811 vom„
375 1739 533 1819 nunciant,
554 1735 683 1803 Volscos
704 1751 737 1802 et
761 1736 891 1822 AEqnos,
914 1742 971 1803 etsi
998 1742 1106 1805 adcisa
1125 1764 1173 1805 res
1195 1744 1265 1821 sint,
1289 1743 1411 1805 relicere

208 1825 340 1907 Ensibsl·
374 1826 546 1903 exercitus3
577 1820 663 1889 'Antii
693 1847 843 1889 summam
871 1827 916 1889 rei
945 1828 1076 1911 positam
1083 1852 1094 1910 3
1126 1828 1242 1891 &ena
1270 1829 1410 1891 Antiates

204 1892 355 2009 lam·
374 1911 499 2001 colonos
513 1910 615 1995 palam
629 1913 759 1975 concilia
772 1913 884 1976 facere.
903 1914 936 1977 id
949 1928 1051 1999 caput,
1075 1937 1126 1977 eas
1147 1916 1224 1979 vires
1248 1915 1317 1978 belli
1332 1938 1408 1979 esse.

375 1994 421 2061 Ut
438 2000 501 2062 haec
523 2000 607 2075 dicta
627 1998 659 2063 in
685 2011 792 2063 senatu
817 2014 900 2079 sunt,
925 2001 1056 2064 delectus
1082 2002 1246 2067 edicitur¹:
1269 2003 1407 2065 eonsules

373 2084 444 2149 belli
456 2086 749 2151 administrationem
764 2087 844 2150 inter
859 2108 891 2149 se
910 2088 1061 2171 dispartiri
1071 2086 1158 2170 jussi,
1182 2089 1269 2152 alteri
1283 2101 1318 2153 ut
1331 2087 1407 2152 Vol-

373 2174 427 2253 sci,
448 2174 536 2238 alteri
550 2185 585 2238 ut
598 2170 692 2257 AEqui
706 2173 964 2258 provinciaesset.
1007 2173 1134 2240 Tribuni
1157 2197 1260 2239 coram
1282 2177 1320 2251 in,
1340 2176 1408 2239 loro

298 2308 310 2325 .
371 2280 544 2343 personare,
559 2258 725 2323 ‘Fabulam
739 2261 942 2344 compositam
952 2259 1056 2324 Volsci
1067 2262 1150 2340 belli,
1165 2260 1356 2339 Hemicosf·
1368 2263 1409 2325 ad

264 2418 270 2430 ,
372 2348 382 2379 ‘
417 2360 498 2413 artes
506 2358 637 2432 paratos.
644 2346 710 2430 jam
719 2368 757 2410 ne
766 2348 877 2411 virtute
887 2349 1010 2431 quidem
1019 2349 1115 2433 premi
1124 2349 1294 2411 libertatern
1304 2349 1408 2432 populi

306 2448 314 2467 ⁰
371 2370 1410 2518 ‘liomani,sedarteelndi.quia,occidioncpropeoccisosVolscoset

369 2516 1408 2608 ‘AEquosmoueresuaspontearmapossajamfflfidesabierit,novos

400 2654 677 2720 ‘munimem
726 2656 889 2707 mma.
937 2657 1144 2707 xruraoaar.
1191 2655 1376 2718 »usnam

400 2749 423 2787 ³⁶
439 2753 513 2803 Corne
534 2747 606 2820 pluis]
642 2753 725 2819 Scriprl
752 2765 777 2804 et
802 2754 872 2819 pleri-
904 2757 1010 2804 mandata
1030 2768 1065 2805 err
1087 2754 1212 2804 duumviris
1233 2769 1288 2804 cura
1308 2754 1347 2816 qui
1366 2769 1405 2804 eos

368 2833 414 2882 que
440 2831 509 2868 sectr
529 2819 643 2869 editorum
670 2835 757 2870 mers
780 2821 873 2881 pluisse:
903 2837 1018 2871 mersare
1038 2822 1140 2871 modios
1158 2821 1183 2869 in
1211 2820 1268 2869 cells
1293 2821 1407 2868 subterra·

368 2885 428 2948 quod
454 2898 535 2934 serum
559 2885 657 2936 videtur.
696 2885 873 2945 Intelligendum
904 2904 949 2936 nes
967 2886 1123 2952 inCapirolio,
1143 2898 1168 2936 et
1185 2886 1210 2934 in
1225 2885 1328 2947 graribus
1343 2885 1407 2948 peri·

274 2979 280 2986 -
366 2959 521 3002 anensem
532 2950 805 3012 submmistrat
820 2951 874 3017 quid
903 2952 968 3011 culis,
987 2951 1028 3002 sut
1047 2953 1078 3002 ob
1098 2953 1161 3002 freda
1181 2963 1206 3001 et
1224 2951 1315 3000 insolita
1330 2949 1405 3014 prodi·

365 3013 450 3065 simile.
525 3035 528 3044 ·
902 3018 946 3080 gis,
972 3021 1039 3084 janu
1068 3029 1160 3067 sensrm
1186 3017 1305 3081 inspicere,
1333 3030 1405 3077 esque

397 3077 540 3145 ”Sparsum
570 3085 605 3132 its
628 3082 737 3146 juerriare]
767 3082 872 3144 Sigonius
903 3084 1050 3147 qnuiniis
1073 3085 1217 3149 reperissent,
1241 3084 1269 3130 sd
1299 3091 1405 3131 amatum

365 3147 870 3211 uvea.soirtitmanenrpmonruna
902 3151 997 3209 referre,
1023 3161 1048 3199 et
1068 3149 1201 3213 exequenda
1229 3161 1309 3197 curare
1335 3146 1405 3194 debe·

404 3211 427 3247 ³⁸
443 3209 519 3278 libri]
547 3213 663 3279 Sibyllini.
708 3213 759 3262 Hos
791 3213 870 3264 scribit
900 3225 964 3266 rent.
998 3215 1090 3263 Horum
1107 3215 1248 3266 sacerdotum
1264 3224 1341 3277 postea
1361 3226 1407 3260 uu·

363 3273 435 3325 mon.
456 3277 518 3326 liv.
550 3279 579 3327 ad
610 3277 761 3341 Tarquinium
783 3278 869 3342 Super·
901 3295 979 3329 merus
997 3281 1025 3328 ad
1046 3282 1125 3330 decem
1146 3280 1229 3344 primo,
1251 3288 1311 3328 reste
1332 3277 1408 3336 Livio.

363 3338 419 3390 burn
439 3342 525 3392 delatos
546 3359 595 3393 esse
616 3360 630 3391 a
655 3343 752 3392 muliere
774 3346 870 3406 quadam
902 3347 987 3396 valli.
1008 3350 1086 3396 etti.
1111 3346 1194 3394 deinde
1223 3345 1251 3392 sd
1274 3343 1404 3407 qniodeti·

362 3415 467 3471 extems,
489 3424 557 3472 quam
577 3408 669 3472 plurimi
690 3407 801 3472 Sibyllam
818 3407 869 3457 Cu·
901 3411 1013 3470 mcrerit,
1032 3413 1093 3461 uude
1113 3411 1209 3471 collegio
1225 3410 1355 3472 quindecim
1372 3407 1405 3456 ri-

363 3483 453 3519 rnsoasn
473 3471 543 3519 fuisse
563 3473 655 3520 volunt.
697 3472 764 3521 Hane
786 3489 869 3522 noveru
900 3489 978 3522 mrum
996 3491 1082 3525 nomeu
1099 3477 1124 3524 in
1139 3486 1275 3538 perpetuum
1292 3472 1403 3530 adbasiri

362 3533 468 3583 habuisse
478 3533 555 3592 libros,
573 3547 629 3596 quos
647 3547 718 3596 quum
735 3548 778 3582 rer
797 3534 869 3584 nollet
900 3551 1014 3600 patrem
1036 3541 1104 3589 etiam
1124 3539 1152 3589 nd
1172 3541 1296 3600 sexaginta,
1314 3538 1334 3584 si
1354 3549 1402 3585 ere-

362 3599 422 3647 tsnti
442 3613 529 3658 emere,
557 3598 635 3660 quanti
664 3598 702 3646 illa
724 3597 870 3658 indicerent,
898 3603 1291 3654 dmmmnioadvfflnaffa.

361 3663 442 3712 abiisse
459 3663 589 3727 mulierem,
608 3673 633 3712 et
652 3673 699 3712 tres
715 3663 784 3713 libros
800 3667 867 3713 exiis·
930 3669 953 3706 ³⁰
970 3669 985 3698 ⁸
1000 3668 1032 3716 Ut
1040 3668 1110 3730 idern]
1125 3669 1160 3717 Ut
1171 3669 1251 3716 eadem
1261 3679 1400 3714 rerumrer-

361 3727 432 3777 risse:
460 3728 543 3778 deinde
563 3743 606 3793 pro
625 3743 667 3778 sex
692 3729 793 3792 reliquis·
805 3730 866 3778 idem
897 3733 980 3793 renio,
989 3733 1078 3782 eaedem
1095 3732 1157 3781 uices
1174 3731 1200 3780 in
1215 3731 1315 3794 ιίιιςιιια
1331 3746 1402 3780 murs

359 3793 520 3858 persolri‘sibi
537 3794 637 3860 pretium
656 3793 819 3860 postulavisse:
841 3811 868 3844 ac
896 3797 1006 3848 redirent.

359 3859 435 3908 mirlto
455 3860 526 3921 magis
550 3869 687 3924 aspernante
708 3875 770 3922 rege,
789 3875 867 3910 rurrru
929 3862 953 3897 ⁴⁰
969 3863 1032 3913 *Aa
1046 3861 1132 3928 partes]
1154 3862 1215 3912 Hae
1235 3877 1282 3911 rox
1303 3861 1404 3910 refertur

358 3934 407 3974 tres
425 3940 453 3974 ex
472 3926 630 3990 arpentitibur
650 3925 793 3984 cremanus,
813 3940 866 3988 pro-
896 3927 1041 3992 adsabulm,
1057 3929 1082 3976 in
1099 3944 1143 3992 qua
1157 3941 1246 3978 actores
1261 3937 1337 3990 parter
1351 3941 1404 3976 suaa

359 4004 404 4052 que
425 3992 507 4050 tribus,
524 3988 573 4055 ‘qui
596 3993 645 4057 jam
674 3990 716 4040 soli
744 3989 868 4050 sensiam,
895 4004 974 4054 agunt.
1018 3995 1103 4044 Sensus
1123 4005 1162 4042 ert
1181 3993 1260 4058 igitur,
1286 3993 1404 4042 Hernicos

359 4064 450 4106 rentum
493 4056 568 4106 adhuc
610 4057 660 4106 auri
708 4053 865 4120 postulavisse,
893 4070 982 4122 paratos
1000 4075 1050 4109 esse
1065 4071 1090 4109 et
1108 4060 1201 4110 edoeros
1219 4077 1233 4107 a
1251 4057 1356 4106 Patribus
1372 4056 1402 4103 ad

347 4133 471 4234 inlr:
486 4122 864 4250 dimittant·
887 4125 1070 4249 illim
1078 4124 1285 4254 ilidii*
1299 4119 1402 4187 Μὰ

358 4246 429 4297 Hanc
459 4250 557 4301 tabularu
589 4255 670 4303 eodem
701 4253 770 4302 ruodo
798 4253 865 4301 mrilti
927 4254 949 4286 ⁴¹
965 4253 995 4302 Id
1018 4255 1078 4318 fider
1097 4256 1188 4321 obierit]
1230 4253 1296 4303 didas
1323 4253 1402 4302 abierit

357 4317 865 4434 massmannus:
896 4317 1404 4451 mamm&

358 4442 428 4522 runi,
449 4443 538 4508 oram
560 4447 629 4498 etism
651 4466 690 4500 ea
710 4451 775 4499 rnna
791 4449 876 4515 prum⁴
897 4451 959 4500 asu
976 4453 1027 4516 jon
1048 4467 1095 4500 non
1114 4453 1194 4516 para.
1240 4450 1315 4500 simui
1336 4419 1416 4510 mori¹

359 4509 434 4562 tribus
454 4525 502 4568 uon
522 4509 600 4590 lune.
641 4514 736 4572 ilerum
756 4515 868 4572 librorum
898 4515 988 4570 locotus
1009 4526 1045 4571 rat
1064 4515 1152 4588 uvius.
1173 4529 1197 4590 v,
1212 4518 1254 4590 ,³⁴-
1276 4517 1333 4584 Μ
1351 4516 1402 4582 qui·
