3175 5200
526 367 603 429 LlB.
617 367 685 428 vn.
698 367 781 428 CAP.
794 367 836 430 X.
1146 383 1206 438 409

162 509 276 588 soitem
292 524 417 606 periculi
432 535 537 608 petere
551 524 679 587 nollent.
694 535 760 598 turn
770 499 814 584 T.
829 521 975 604 Manlius,
996 524 1031 589 L.
1046 527 1137 606 filius,
1152 530 1204 612 qui
1217 547 1287 600 uc,
1297 551 1355 600 ³9⁴2

163 623 317 695 patrante
338 611 499 674 vexatione
519 611 683 672 tribunicia
705 611 925 690 vindicaverat,
945 635 984 674 ex
1007 615 1139 678 statione
1163 617 1204 678 ad
1215 613 1356 691 &0³⁵⁸-

164 697 346 760 dictatorem
356 698 472 779 pergit:
490 695 629 779 ‘injussu
642 695 717 776 tuo,'
729 697 839 779 inquit,
848 699 858 730 ‘
868 697 1044 781 imperator,
1056 713 1143 764 extra
1152 724 1202 765 or·
1216 679 1256 726 ⁵¹¹²
1387 687 1394 712 ⁶

165 785 177 817 ‘
192 784 295 846 dinem
310 804 476 863 numquam
492 784 699 866 pugnaverim,
723 805 786 848 uon
806 785 831 846 si
846 795 962 847 certam
982 787 1139 850 victoriam
1158 789 1203 851 vi-
1215 756 1341 858 peremi

163 869 175 903 ‘
190 871 288 932 dearn.
322 869 354 931 Si
363 881 396 932 tu
405 871 567 953 permittiS,
578 871 647 932 volo
657 890 715 952 ego
727 870 771 932 illi
784 871 889 933 belluae
898 872 1070 952 ostendere,
1081 877 1204 956 quando
1216 889 1269 924 (Ψ
1281 872 1360 924 01110·

164 955 176 989 ‘
191 957 269 1020 adeo
280 957 367 1018 ferox
379 957 533 1040 praesultat
544 957 676 1020 hostiurn
689 957 793 1038 signis,
807 978 856 1018 me
865 979 905 1019 ex
915 979 954 1019 ea
964 959 1081 1022 familia
1091 973 1205 1041 ortum,

165 1044 257 1126 ‘quae
271 1040 427 1121 Gallorum
444 1065 554 1126 agmen
566 1065 604 1106 ex
617 1065 691 1126 rupe
700 1041 836 1126 Tarpeia
846 1043 978 1126 dejecit!
1015 1043 1096 1108 Tum
1108 1047 1205 1110 dicta-

164 1141 222 1206 tor,
238 1129 249 1162 ‘
260 1127 366 1192 Macte
378 1129 509 1210 virtute,’
523 1131 631 1212 inquit,
643 1133 653 1164 ‘
663 1152 698 1193 ac
709 1131 824 1212 pietate
832 1131 863 1192 in
874 1141 992 1213 patrem
1002 1133 1204 1216 patriamque,

163 1217 174 1247 ‘
188 1213 227 1277 T.
243 1214 354 1294 ulanli,
370 1229 446 1279 esto.
492 1216 598 1299 Perge,
613 1230 646 1279 et
660 1238 772 1280 nomen
788 1216 1134 1296 Romanumjnvicturn,
1153 1220 1207 1302 ju-

163 1301 329 1364 ‘vantibus
338 1301 416 1381 Diis,
426 1315 545 1386 praesta.
580 1303 711 1366 Armant
719 1303 789 1365 inde
794 1302 939 1384 juvenem
950 1306 1090 1386 aequales.
1116 1309 1207 1388 ”pe-

164 1387 266 1450 destre
278 1401 398 1452 scutum
412 1391 506 1472 capit,
522 1394 548 1430 ⁵⁴
559 1389 699 1472 Hispano
714 1390 845 1470 cingitur
859 1390 974 1472 gladio,
985 1391 1025 1452 ad
1036 1393 1209 1475 propiorem

145 1473 260 1536 *habili
286 1496 431 1556 pugnam.
473 1476 634 1538 Armatum
659 1477 901 1557 adornatumque
927 1477 1067 1539 adversus
1087 1477 1210 1540 Gallum

165 1559 277 1622 stolide
292 1562 404 1640 laetum,
420 1574 452 1624 et
469 1561 626 1642 (quoniam
642 1563 673 1624 id
689 1583 810 1642 quoquc
826 1562 974 1622 memoria
988 1563 1114 1644 dignum
1130 1563 1210 1624 anti-

166 1647 232 1726 quis
247 1647 344 1709 visum
360 1648 420 1726 est)
439 1646 574 1728 linguam
597 1647 691 1709 etiarn
716 1649 754 1708 ab
770 1648 864 1708 inrisu
878 1660 1080 1725 exserentem,
1096 1648 1210 1730 produ-

166 1743 249 1794 cunt
294 1732 459 1813 Recipiunt
474 1733 545 1792 inde
560 1753 593 1794 se
610 1733 649 1794 ad
665 1733 849 1794 stationem:
872 1745 904 1794 et
919 1734 981 1795 duo
995 1732 1027 1794 in
1042 1733 1145 1796 medio
1160 1755 1210 1797 ar·

164 1819 250 1896 mati,
266 1822 293 1856 ⁵⁵
307 1817 476 1900 spectaculi
492 1819 589 1899 magis
605 1839 700 1896 more,
709 1838 804 1899 quam
819 1818 887 1900 lege
899 1818 982 1897 belli,
994 1819 1211 1898 destituuntur,

164 1923 358 1984 nequaquam
374 1904 439 1964 visu
454 1925 490 1964 ac
515 1904 618 1986 specie
644 1903 865 1968 estimantibus
888 1925 984 1986 pares.
1030 1904 1149 1988 Corpus
1165 1907 1211 1968 al-

166 1990 224 2050 teri
254 1989 466 2071 magnitudine
495 1991 653 2068 eximium,
676 1990 852 2052 versicolori
883 2002 968 2052 veste
1000 1991 1150 2072 pictisque
1179 2003 1214 2053 et

164 2097 239 2137 auro
255 2075 368 2138 caelatis
384 2076 537 2158 refulgens
558 2077 668 2138 armis:
696 2076 799 2138 media
819 2076 850 2136 in
874 2076 971 2138 altero
990 2076 1130 2138 militaris
1148 2086 1211 2138 sta·

103 2177 105 2182 ·
164 2173 244 2240 tura,
259 2162 442 2242 modicaque
457 2163 490 2222 in
505 2163 597 2223 armis
613 2162 766 2224 habilibus
785 2161 883 2242 magis
898 2181 992 2242 quam
1007 2162 1126 2223 decoris
1141 2184 1211 2245 spe-

163 2248 235 2308 cies.
247 2268 310 2308 non
326 2259 443 2324 cantus,
470 2269 533 2309 non
557 2247 722 2309 exsultatio
743 2267 958 2328 armorumque
980 2248 1108 2330 agitatio
1122 2269 1212 2327 varra,

164 2333 220 2394 sed
245 2344 363 2414 pectrn,
388 2334 560 2396 animorum
584 2334 695 2416 ireque
715 2334 817 2396 tacitae
838 2334 975 2415 plenum,
989 2355 1115 2397 omnem
1130 2334 1212 2397 iero·

164 2419 244 2480 ciam
260 2419 292 2480 in
308 2418 469 2481 discrimen
494 2421 595 2502 ipsum
610 2420 786 2482 certaminis
802 2419 972 2482 distulerat
1017 2418 1081 2482 Ubi
1096 2423 1212 2483 consti·

163 2515 229 2568 tere
246 2505 325 2567 inter
341 2505 415 2568 duas
436 2507 528 2584 acies,
549 2517 597 2568 tot
615 2507 697 2568 circa
717 2506 892 2568 mortalium
917 2506 1027 2568 animis
1041 2526 1096 2589 spe
1111 2518 1211 2570 metu·

163 2613 222 2674 quc
252 2592 467 2676 pendentibus,
496 2591 613 2671 Gallus,
644 2593 727 2655 velut
757 2592 854 2655 moles
884 2613 1013 2674 superne
1046 2593 1211 2673 inminens,

163 2682 190 2719 ⁵⁶
200 2678 338 2762 projecto
366 2680 440 2741 laeva
465 2691 563 2758 scuto,
589 2680 621 2742 in
651 2679 841 2741 advenientis
867 2700 953 2741 arma
976 2680 1074 2741 hostis
1098 2701 1211 2743 vanum

165 2768 191 2811 ⁶⁷
201 2765 300 2827 caesim
316 2786 385 2827 cum
401 2766 517 2847 ingenti
540 2766 643 2827 sonitu
664 2786 769 2827 ensem
789 2764 911 2847 dejecit.
955 2764 1126 2844 Romanus,
1140 2788 1209 2829 mu-

161 2872 253 2914 crone
282 2852 435 2930 subrecto,
457 2854 586 2935 ”quum
613 2863 701 2915 scuto
723 2861 868 2914 scutum³
894 2853 990 2913 imum
1020 2854 1211 2935 perculisset,

510 3029 522 3054 ¹¹
537 3031 623 3071 metum
632 3028 693 3069 scuto
704 3021 782 3069 Gron.
794 3018 865 3070 Creu.

193 3125 215 3160 δ’
227 3124 667 3191 ¹Peamemrmapu11>ropsrm
697 3142 739 3175 um
759 3127 903 3189 pedestrem.
927 3126 967 3189 qui
990 3126 1093 3175 diversus
1113 3139 1163 3175 emt
1180 3127 1210 3175 cb

161 3189 279 3247 nimirum,
295 3192 461 3254 quamequites
475 3194 594 3251 gerebant.
627 3192 666 3239 De
698 3192 814 3254 equestri:
841 3206 913 3253 quum
929 3203 1007 3239 autem
1031 3190 1071 3237 illo
1092 3206 1141 3237 cero
1165 3207 1212 3254 quo

160 3255 440 3320 pannavid.not.75.cd
453 3258 537 3306 ruat.
561 3256 667 3309 tlnhac
698 3254 812 3303 rcribebat
829 3254 1002 3314 Quadrigarius,
1020 3254 1107 3313 gladius
1123 3254 1211 3303 Roma·

160 3320 400 3435 lilrfrffdiii
415 3319 669 3447 'titt‘sttiit
699 3317 1212 3447 lillrl‘ri'ffu'lil'fflssi'i‘:

162 3450 208 3499 vid.
220 3468 232 3499 ι
249 3452 279 3499 ud
291 3452 323 3499 A.
335 3402 449 3509 Gelliiim,
459 3416 495 3498 rx'.
509 3452 546 3499 13.
700 3460 751 3498 tum
769 3465 820 3498 erae
836 3466 865 3499 ex
882 3418 931 3497 iun
945 3449 1020 3496 etatis
1034 3450 1210 3512 consuetudine,

195 3515 216 3549 ⁵⁴
260 3518 332 3577 ispum
349 3514 475 3580 ...gladio]
498 3514 594 3564 Gladius
610 3514 670 3565 liis-
701 3516 805 3578 quamvis
833 3514 920 3576 gladios
948 3529 995 3577 quo
1024 3513 1127 3562 Manliae
1156 3532 1211 3565 um

159 3582 257 3659 puicu
277 3580 389 3629 brevitate
407 3580 469 3638 ulli·
493 3590 552 3639 erat,
573 3583 670 3642 mur-
702 3592 746 3641 ccr,
775 3595 823 3629 noc
850 3580 921 3658 iperit
953 3592 1034 3628 mere
1063 3578 1213 3657 Hispanicum

175 3646 477 3770 “emituit
492 3646 671 3759 tritri
701 3644 1037 3777 utfrtrf‘ttuuu
1045 3660 1139 3759 iifl.
1155 3644 1209 3695 ⁹¹³·

160 3784 255 3839 atrapis
289 3785 355 3839 perte
401 3776 513 3823 mmm
550 3776 668 3824 ulmeus.
733 3772 1210 3837 »ssopeaaeuummJAuudtruvim

161 3838 277 3889 metat
298 3843 357 3888 min
399 3841 460 3889 minc
480 3841 554 3889 raddo
580 3848 603 3888 et
619 3840 668 3901 ¹fir·
700 3840 989 3905 adglediatoeumpogu.

160 3920 206 3953 m.
244 3904 280 3953 Eo
308 3906 411 3959 Romuri,
428 3906 514 3953 milites
536 3905 668 3954 utebamur.
731 3904 754 3940 ⁸⁶
770 3904 883 3969 ΡΜ]
898 3903 1098 3969 Auteoeprolato.

160 3968 278 4031 Himarrtci
298 3970 418 4033 appellatio
438 3970 524 4019 indicet
542 3984 596 4018 eum
619 3970 668 4019 lio-
733 3971 755 4009 5'1
781 3970 870 4034 Cdo]
903 3969 977 4017 Gallie
1006 3968 1074 4030 gladii
1098 3967 1208 4031 praloogi

160 4036 287 4083 menoccle
304 4034 412 4100 Hispanis
426 4038 502 4085 πει·
525 4050 547 4085 e.
578 4034 669 4084 sedhic
701 4047 776 4092 erant,
794 4052 820 4085 ac
839 4036 889 4083 eice
907 4034 1068 4083 mucronum
1087 4044 1148 4082 tene
1165 4033 1208 4081 u.

159 4099 304 4167 temporibru
334 4100 448 4163 mutinam
501 4100 588 4151 ommia
614 4116 668 4151 crim
700 4102 747 4165 rio,
763 4100 945 4151 imarum&
976 4099 1207 4161 luqueeuimtac·

160 4165 272 4230 lliepacie
290 4168 454 4215 commercium
475 4168 544 4216 erat?
571 4166 601 4215 Et
622 4164 667 4213 Po·
699 4178 751 4217 tum
760 4165 1054 4229 ferirepotemutlrcetem.

159 4230 236 4293 lybios
250 4233 317 4281 tutia
331 4242 367 4282 eet
384 4230 499 4281 Romanos
514 4232 577 4281 bello
590 4232 666 4281 Auni·
730 4232 753 4268 ⁵⁸
770 4230 847 4285 Quen
866 4238 953 4280 meur
968 4238 1028 4278 new
1040 4230 1110 4277 inem
1121 4242 1206 4293 pern·

159 4292 233 4343 belim
261 4297 346 4358 gladic·
374 4298 489 4363 Hispanos
517 4312 559 4361 pso
589 4297 667 4363 patriis
698 4296 765 4359 licet]
790 4296 826 4343 Ut
842 4295 872 4343 de
889 4294 961 4356 gradu
979 4293 1068 4342 liutein
1087 4292 1207 4359 dejiceret,

48 4402 52 4409 .
159 4374 276 4409 momen
304 4364 407 4427 copiare.
456 4362 567 4411 Dicamus
596 4362 667 4475 Ἐίωτ
697 4373 731 4418 et,
744 4359 863 4410 αωὶωο
879 4360 932 4409 data
948 4375 977 4408 ex
990 4360 1081 4407 incerto
1094 4371 1121 4407 et
1135 4356 1205 4407 mil·

159 4440 214 4473 cum
235 4425 311 4489 Liprio
326 4426 427 4491 livium,
443 4429 492 4477 cive
506 4430 583 4493 potlm
625 4444 666 4475 ua-
696 4426 755 4475 lacti
771 4423 823 4491 eim
838 4438 913 4487 motu,
929 4440 979 4475 uae
990 4436 1066 4489 pont
1076 4424 1139 4475 ieter
1153 4438 1205 4473 aar·

159 4488 283 4554 deigenam
302 4491 342 4542 bic
359 4494 458 4547 indicam
479 4494 576 4545 volutae
596 4492 666 4556 gladi·
697 4494 919 4559 punctumque
926 4492 1050 4542 mucre.
