3175 5200
535 335 675 401 urnvr.
696 336 778 395 cnr.
792 336 832 395 x.
1156 309 1233 407 359'
1255 404 1258 408 ,

163 493 273 573 fuerat,
294 495 321 555 ei
350 493 562 557 decernuntur.
585 510 770 573 quamquam
794 500 952 571 expertum
973 488 1142 553 exercitum
1154 491 1211 553 sd·
1225 494 1367 549 Uesta.
1388 526 1395 546 .
1441 534 1445 539 .

165 594 344 663 suetumque
359 580 500 663 imperio,
521 578 572 659 qui
597 578 628 639 iu
645 572 767 637 Volscis
785 588 862 657 erat,
874 567 1001 655 mallet,
1020 576 1095 639 nihil
1122 600 1209 641 recu·
1222 562 1294 615 M·
1305 561 1362 613 ³⁸³·

165 668 261 729 serit:
284 664 441 731 Valerium
468 664 683 727 tantummodo
721 663 841 745 imperii
879 664 996 723 socium
1018 661 1210 747 depoposcit.

166 746 328 824 Quinctius
365 752 572 833 Horatiusque
604 755 631 789 ⁴⁰
644 770 835 813 successores
866 746 991 810 Valerio
1027 750 1058 811 in
1087 747 1209 815 Volscis

162 840 257 903 missi.
302 840 434 905 Profecti
453 841 493 902 ab
510 840 583 901 urbe
602 834 863 915 SutriumlFurins
882 846 914 897 et
932 831 1073 898 Valerius
1090 852 1209 919 partem

162 928 269 1009 oppidi
288 926 356 1009 jam
381 938 504 1009 ceptam
524 926 563 988 ab
582 924 718 988 Etruscis
743 923 883 984 invenere
895 945 905 999 ;
926 944 966 984 ex
990 935 1076 1004 parte
1101 924 1208 1006 altera,

161 1012 335 1096 interceptis
366 1014 533 1091 itineribus,
554 1033 633 1093 aegre
655 1010 829 1092 oppidanos
850 1010 911 1069 vim
930 1008 1086 1090 ,hostium
1114 1011 1153 1072 ab
1175 1034 1209 1074 se

161 1112 309 1161 arcentes.
354 1101 457 1171 Quum
473 1098 604 1161 Romani
621 1097 723 1159 auxilii
743 1096 901 1173 adventus,
923 1107 989 1157 turn
1013 1093 1135 1157 Camilli
1150 1118 1209 1180 no·

160 1205 231 1247 meu
252 1187 483 1249 celeberrimum
505 1183 587 1267 apud
612 1184 715 1245 hostes
741 1183 912 1263 sociosque,
930 1194 962 1243 et
991 1180 1022 1241 iu
1047 1185 1209 1264 praeseutia

161 1292 225 1333 rem
252 1274 431 1347 inclinatam
450 1272 605 1349 sustinuit,
617 1281 649 1333 et
663 1270 795 1353 spatium
811 1268 852 1330 ad
873 1290 964 1351 opem
979 1267 1137 1331 ferendam
1153 1271 1208 1333 de-

161 1358 217 1421 dit.
269 1358 377 1439 ltaquc
399 1360 495 1421 diviso
518 1359 664 1435 exercitu,
702 1355 850 1418 Camillus
887 1355 1049 1437 collegam,
1079 1378 1148 1419 earn
1175 1358 1207 1419 in

159 1456 279 1525 partem
296 1446 511 1507 circumductis
537 1444 644 1527 copiis,
666 1464 757 1525 quam
781 1442 885 1505 hostes
908 1442 1064 1519 tenebant,
1092 1444 1207 1506 moenia

135 1559 148 1565 ·
158 1531 286 1611 adgredi
296 1531 396 1613 jubet,
416 1554 479 1593 non
494 1545 582 1594 tanta
603 1552 656 1613 spe
682 1530 770 1591 scalis
785 1530 855 1611 capi
871 1530 976 1589 urbem
991 1549 1092 1610 posse,
1113 1552 1206 1612 quam

157 1629 206 1694 ut,
234 1616 345 1681 aversis
370 1640 408 1681 eo
438 1619 587 1696 hostibus,
609 1629 642 1679 ct
655 1616 818 1699 oppidanis
836 1615 903 1697 jam
923 1616 1089 1697 pugnando
1117 1617 1205 1679 fessis

157 1703 312 1767 laxaretur
334 1706 430 1783 labor,
468 1716 500 1767 et
531 1706 595 1786 ipse
626 1704 758 1785 spatium
781 1700 916 1764 intrandi
938 1703 1003 1763 siue
1037 1704 1207 1767 certamine

156 1792 272 1853 moenia
294 1792 432 1860 haberet
466 1792 557 1861 Quod
577 1812 671 1872 quum
685 1789 774 1850 simul
797 1790 949 1869 utrimque
975 1788 1090 1849 facturn
1112 1802 1204 1869 esset,

156 1896 327 1961 ancepsque
354 1890 451 1941 terror
470 1876 616 1940 Etnrscos
637 1877 858 1954 circumstaret,
893 1885 926 1935 et
949 1876 1064 1937 moenia
1084 1876 1205 1939 sumina

154 1963 379 2047 viobpugnsri,
401 1976 434 2027 et
451 1966 532 2027 intra
554 1964 667 2025 moenia
690 1984 756 2025 esse
783 1962 904 2023 hostem
930 1961 1089 2046 viderent:
1112 1975 1205 2044 porta

155 2070 198 2127 se,
213 2071 279 2131 quae
294 2073 357 2113 una
370 2052 449 2113 forte
465 2072 528 2113 non
552 2050 758 2128 obsidebatur,
779 2048 890 2131 trepidi
911 2069 973 2109 uuo
994 2049 1116 2128 agmine
1139 2048 1203 2131 eje·
1302 2079 1306 2085 ·

101 2131 103 2135 ’
155 2156 235 2197 cere.
265 2137 384 2220 Magna
397 2139 496 2201 credes
515 2137 696 2219 fugientium
720 2149 751 2198 et
776 2136 807 2196 in
831 2136 905 2196 urbe
926 2144 959 2196 et
980 2154 1034 2217 per
1049 2156 1140 2217 egros
1156 2147 1204 2197 est

154 2220 247 2283 facta.
266 2224 401 2306 plurese
421 2222 559 2287 Furianis
575 2224 657 2285 intre
676 2223 790 2285 moenia
812 2222 903 2283 caesi:
927 2218 1082 2283 Valeriani
1109 2244 1203 2305 expe-
1223 2263 1226 2274 ·

155 2307 281 2371 ditiores
297 2312 347 2383 ad,
357 2310 584 2393 persequendos
608 2309 691 2371 fuere
704 2332 713 2385 3
738 2330 795 2371 nec
811 2319 883 2370 ante
894 2320 1031 2387 noctem,
1045 2329 1111 2389 qnae
1125 2329 1202 2371 con-

154 2396 294 2477 'spectum
321 2398 448 2475 ademit,
463 2396 556 2459 finem
571 2396 709 2459 credendi
725 2395 835 2458 fecere.
879 2392 982 2478 Sutrio
1010 2406 1134 2479 recepto
1151 2416 1212 2457 re--

151 2481 321 2567 stitutoque
347 2485 449 2562 sociis,
469 2482 590 2565 Nepete
611 2484 763 2545 exercitus
791 2482 911 2558 ductus,
932 2479 1015 2561 quod
1033 2501 1088 2562 per
1112 2481 1206 2567 dedi-4

151 2566 269 2632 tionem
284 2582 445 2654 acceptum
453 2568 523 2652 jam
538 2581 638 2632 totum
651 2567 772 2631 Etnrsci
786 2568 951 2630 habebant.

193 2653 236 2716 X.
259 2653 430 2720 Videbatur
446 2655 558 2738 plusirr
573 2678 612 2718 ea
626 2656 701 2734 urbe
711 2655 888 2736 recipienda
897 2654 1008 2716 laboris
1022 2653 1109 2734 fore3
1133 2678 1198 2720 nou

149 2737 182 2800 in
198 2763 236 2804 eo
254 2743 364 2821 solum,
384 2743 467 2825 qnod
488 2753 556 2806 tots
571 2743 705 2804 hostium
727 2751 804 2820 erat,
818 2741 874 2804 sed
888 2741 982 2804 etiam
1000 2743 1093 2822 quod,
1130 2755 1199 2806 erte

148 2823 372 2910 Nepesinorum
388 2830 539 2912 prodente
559 2819 725 2908 civitatem,
749 2828 834 2890 facts
847 2839 914 2889 erat
934 2827 1063 2891 deditio.
1106 2765 1196 2893 itini
1208 2841 1302 2909 Nepete
1311 2859 1351 2898 rs.

148 2921 252 2975 temen
274 2917 314 2978 ad
341 2917 493 2999 principes
528 2937 635 2978 eorum
664 2915 791 2998 placuit,
814 2925 850 2976 ut
878 2927 1074 2978 secernerent
1101 2939 1134 2978 se
1155 2910 1299 2980 abripitur.

146 2995 297 3078 Etnrscis,
317 3001 479 3083 fidemque,
502 3024 593 3084 quam
622 3002 826 3084 inplorassent
869 3002 908 3060 ab
938 2998 1099 3079 Romanis,
1136 3004 1194 3087 ipsi

147 3097 336 3165 prestarent.
380 3085 473 3150 Unde
486 3109 582 3168 quum
604 3107 783 3170 responsuro
806 3085 944 3148 adlatum
975 3099 1068 3164 esset,
1092 3089 1195 3152 ‘nihil

148 3168 235 3232 ‘sure
246 3173 408 3251 potestatis
419 3194 497 3251 esse,
520 3173 666 3235 Etmscos
682 3173 795 3232 moenis
807 3169 1020 3250 custodiasque
1037 3184 1194 3254 portarum

148 3255 160 3289 ‘
175 3266 280 3318 tenere
293 3256 316 3334 ;'
339 3259 438 3340 primo
453 3258 703 3340 populationibus
717 3257 782 3337 agri
798 3269 896 3318 terror
906 3266 954 3316 est
963 3257 1125 3339 oppidanis
1136 3260 1193 3320 ad-

147 3354 272 3406 motus:
296 3343 419 3422 deinde,
433 3360 598 3426 postquam
621 3342 800 3420 deditionis,
814 3347 912 3423 ‘quam
924 3343 1092 3422 societatis,
1114 3344 1192 3408 fides
1235 3422 1239 3430 1

145 3430 280 3492 sanctior
302 3441 379 3510 eret,
398 3431 530 3504 fascibus
554 3439 781 3492 sarmentorum.
800 3450 840 3490 ex
863 3449 938 3510 agro
952 3427 1093 3510 conlatis,
1115 3430 1192 3495 duc-

148 3525 198 3576 tus
213 3517 252 3578 ad
264 3517 381 3580 moenia
398 3507 559 3596 exercitus,
586 3516 808 3599 completisque
831 3515 921 3578 fossis
932 3516 1028 3599 >scalae
1049 3510 1193 3600 admota,
1223 3508 1227 3516 ¹

148 3612 183 3663 et
203 3602 337 3666 clamore
358 3603 459 3686 primo
482 3604 648 3686 inpetuque
680 3601 828 3684 oppidum
855 3603 983 3684 capitur.
1025 3601 1190 3688 Nepesinis

146 3685 218 3750 iude
241 3690 386 3772 edictum,
418 3702 453 3753 ut
474 3711 559 3752 arma
580 3701 724 3773 ponant;
759 3690 903 3771 parcique
923 3687 1042 3770 jussum
1073 3691 1192 3756 inermi.

144 3771 264 3838 Etnrsci
288 3777 402 3859 pariter
442 3778 550 3860 armati
574 3789 668 3858 atque
688 3777 820 3845 inermes
843 3775 921 3837 caesi.
965 3773 1191 3858 Nepesinorum

145 3881 266 3944 quoque
280 3873 419 3928 auctores
435 3863 597 3942 deditionis
614 3857 710 3926 securi
727 3861 883 3944 percussi:
905 3861 1036 3924 innoxiae
1050 3862 1190 3937 multitu·
1219 3929 1224 3940 ¹

145 3947 209 4010 dini
232 3950 359 4014 reduce
374 3967 432 4028 res,
453 3951 667 4033 oppidumque
683 3968 755 4010 cum
776 3947 915 4030 presidio
935 3947 1087 4011 relictum.
1131 3945 1193 4027 Ita,

144 4034 261 4098 duabus
275 4038 365 4098 sociis
379 4037 508 4098 urbibus
518 4057 556 4100 ex
572 4036 660 4098 hoste
682 4035 825 4120 receptis,
843 4035 992 4096 victorem
1022 4035 1190 4098 exercitum

143 4121 256 4187 tribuni
278 4145 348 4186 cum
364 4145 477 4208 magna
497 4123 595 4206 gloria
610 4115 742 4186 Romam
768 4121 963 4185 reduxerunt.
998 4117 1118 4183 Eodem
1135 4142 1190 4193 anf
1201 4127 1326 4263 m

145 4267 405 4342 emscucsnass.
421 4285 462 4348 qur
478 4265 596 4336 amsi·
613 4299 652 4334 rs·
682 4277 752 4345 aa]
793 4277 903 4354 rus-rna
925 4277 1083 4355 rienes
1103 4283 1346 4344 mensure,

145 4347 276 4396 ratmot.
309 4349 533 4402 sisnandum
551 4351 651 4400 niver.
687 4345 771 4394 Volscis.
810 4345 902 4394 Melius
919 4356 1001 4394 nnec
1022 4345 1139 4396 videmur
1167 4345 1293 4410 iasub.
1354 4377 1357 4383 ·
1421 4379 1426 4384 Δ

145 4411 368 4530 ribam„
400 4478 486 4532 runo
515 4447 542 4531 r·
575 4478 654 4530 rores
681 4409 995 4527 mim&
1013 4404 1220 4504 emes.
