3175 5200
284 280 295 301 '
344 280 404 337 844
623 290 627 297 ’
763 266 849 327 ΤῙΤῙ
867 267 970 327 mvn
1041 320 1046 329 s

182 441 216 491 υ.
225 442 254 493 c.
263 442 322 493 stt.
348 427 446 493 ‘serti
462 430 501 493 ab
514 426 583 491 Diis
597 426 840 507 hominibusque,
854 437 959 491 tannen
968 446 1031 487 non
1045 427 1277 493 intermisimus.
1313 431 1402 495 Red-

180 508 213 560 A.
225 508 254 579 9·
264 505 321 563 ³⁸⁷·
349 515 362 549 ‘
375 516 480 579 didere
493 514 739 599 igiturpntriarm
759 524 791 575 et
805 513 974 591 victorium,
994 524 1027 574 et
1042 514 1202 596 antiquum
1217 518 1291 579 belli
1305 518 1403 581 decus

349 604 540 665 ‘amissumz
563 613 595 663 et
618 602 648 662 in
669 600 782 678 hostes,
801 600 852 680 qui
875 600 1095 661 cantaveritis
1117 602 1151 663 in
1174 604 1311 685 pondere
1333 605 1400 667 auri

349 689 472 759 “foedus
487 710 524 751 sc
539 686 631 749 fidem
646 670 826 765 fefellerunt,
849 695 1002 747 uerterunt
1015 697 1163 749 terrorem
1182 688 1348 773 fugamque
1366 703 1402 754 et

349 776 498 839 ‘cedem

378 860 458 923 ·Lll.
481 860 580 924 ‘Haec
594 860 667 923 culti
682 859 872 943 neglectique
886 860 1019 923 numinis
1041 872 1130 925 tanta
1149 876 1350 927 monuments
1362 866 1399 929 iu

347 950 358 982 ‘
373 950 462 1011 rebus
477 948 616 1016 humanis
631 959 799 1024 cernentes,
814 945 923 1028 ecquid
937 948 1069 1025 sentitis,
1084 948 1227 1029 Quirites,
1241 964 1398 1037 quantum

346 1035 495 1097 ‘vixdum
520 1045 555 1096 e⁰
577 1033 740 1115 naufragiis
767 1034 875 1116 prioris
902 1033 997 1116 culpae
1024 1034 1180 1117 cladisque
1200 1052 1395 1119 emergentes

347 1122 511 1204 ‘paremus
531 1121 637 1183 nesus?
662 1118 778 1183 Urbem
804 1120 961 1203 aruspicato
980 1121 1218 1203 inauguratoque
1233 1125 1393 1189 conditam

345 1209 358 1243 ‘
373 1210 537 1271 habemus:
560 1208 658 1271 nullus
673 1207 757 1269 locus
772 1207 803 1267 in
815 1227 853 1267 ea
866 1226 928 1268 rron
944 1207 1123 1287 religionum
1135 1207 1325 1292 Deommque
1337 1224 1392 1273 est

345 1294 498 1378 ‘plenust
514 1294 668 1365 sacrificiis
682 1293 876 1355 sollemnibus
902 1313 965 1353 nun
989 1294 1053 1355 dies
1074 1295 1173 1376 mngis
1193 1297 1275 1373 stati,
1296 1317 1396 1377 quarn

345 1381 441 1445 ‘loca
455 1393 537 1461 sunt,
550 1382 582 1444 in
597 1380 704 1462 quibus
719 1380 805 1441 fiant.
849 1378 916 1440 Hos
938 1400 1045 1441 omnes
1059 1379 1155 1459 Deos,
1178 1383 1315 1465 publicos
1329 1384 1398 1465 pri·

344 1467 526 1550 ‘natosque
553 1467 697 1544 Quirites,
726 1466 872 1529 deserturi
895 1466 989 1527 estis?
1022 1467 1155 1537 ⁹²Quam
1181 1490 1239 1551 par
1259 1480 1399 1532 uestrum

344 1552 486 1617 ‘sactum
504 1566 561 1633 est,
584 1554 666 1635 quod
687 1555 718 1615 in
733 1553 891 1615 obsidione
905 1572 1001 1635 nuper
1016 1554 1047 1615 in
1061 1555 1185 1636 egregio
1197 1556 1399 1618 adolescente

345 1638 407 1701 ‘C.
423 1639 529 1718 Fabio,
554 1661 616 1703 nou
640 1640 756 1703 minore
779 1640 913 1701 hostium
937 1639 1147 1718 admiratione,
1163 1662 1255 1723 quam
1275 1655 1396 1721 uestra,

345 1726 357 1759 ‘
371 1736 567 1809 conspectum
580 1738 647 1804 cst3
671 1747 763 1808 quum
775 1727 854 1788 iuter
868 1723 987 1787 Gallica
1001 1726 1059 1788 tela
1069 1726 1235 1808 degressus
1256 1750 1296 1790 ex
1315 1748 1392 1789 arce

344 1812 518 1875 ‘sollemne
530 1813 630 1875 Fabiis
644 1813 744 1895 gentis
767 1813 799 1873 in
821 1812 900 1873 colle
920 1810 1064 1882 Quirinali
1083 1812 1183 1875 obiiti
1219 1812 1270 1874 An
1281 1815 1390 1895 genti:

344 1899 443 1961 ‘licia
457 1921 544 1963 sacra
568 1921 606 1963 ne
632 1901 664 1961 iu
686 1900 767 1962 bello
788 1898 911 1981 quidem
931 1899 1098 1975 intermitti,
1111 1899 1235 1981 publica
1250 1921 1338 1965 sacra
1352 1912 1390 1963 et

344 1984 526 2049 ‘Romanos
540 1985 624 2049 Deos
639 1986 732 2049 etiam
757 1986 788 2046 in
812 2005 888 2066 pace
914 1984 1016 2045 deseri
1033 1983 1153 2066 placet?
1178 1996 1212 2047 et
1224 1987 1391 2069 pontifices

343 2072 566 2155 ‘flaminesque
603 2071 843 2153 neglegentiores
876 2069 1066 2152 publicarum
1100 2069 1279 2154 religionum
1309 2095 1395 2152 esse,

343 2158 462 2241 ‘quam
484 2160 616 2243 privatus
640 2158 670 2219 in
692 2156 832 2219 sollemni
853 2156 952 2238 gentis
969 2155 1082 2219 fueriti
1119 2157 1263 2221 Forsitan
1282 2160 1397 2242 aliquis

334 2246 355 2279 *⁴
370 2246 464 2325 dicat,
479 2257 532 2309 sut
539 2244 623 2307 Veiis
637 2266 675 2307 ea
683 2266 739 2307 nos
754 2244 896 2321 factiuns,
909 2256 963 2305 ant
978 2243 1038 2305 huc
1052 2244 1124 2307 inde
1135 2246 1280 2307 missuros
1289 2267 1393 2309 sscer·

342 2332 458 2395 ‘dotes
469 2344 597 2411 nostros,
613 2332 663 2413 qui
680 2330 812 2393 saciant:
835 2350 963 2410 quorum
977 2341 1119 2393 nentrum
1130 2332 1298 2395 fierisalvis
1308 2354 1395 2405 cere·

343 2417 357 2451 ‘
371 2419 481 2480 moniis
495 2429 605 2499 potest.
626 2430 658 2481 et
681 2436 719 2479 ne
741 2416 845 2479 omnia
858 2416 1025 2497 generatim
1041 2438 1129 2479 sacra
1143 2440 1310 2501 omnesque
1325 2442 1396 2503 per-

339 2502 358 2539 (
372 2502 615 2579 censesteos3
632 2502 664 2564 in
678 2501 797 2567 ”lovis
805 2503 896 2587 epulo
907 2524 979 2565 num
988 2502 1070 2581 olibi,
1080 2524 1172 2585 quam
1184 2506 1216 2567 in
1226 2505 1400 2589 Capitolio,
1419 2535 1424 2547 ·

346 2588 543 2670 ‘⁹⁴pulvinnr
565 2589 675 2672 suscipi
695 2590 818 2672 potest?
843 2588 925 2661 Quid
946 2590 984 2652 de
1005 2592 1122 2654 aeteruis
1144 2589 1246 2656 Vestae
1269 2594 1396 2676 ignibus

346 2674 359 2708 ‘
374 2677 401 2716 ⁹⁵
409 2675 565 2758 signoque,
576 2676 657 2756 quod
668 2676 785 2758 imperii
796 2677 905 2759 pignus
916 2677 1055 2740 custodia
1063 2677 1126 2760 ejtrs
1138 2680 1245 2762 templi
1254 2691 1390 2757 tenetur,

347 2759 499 2842 ‘loquuti
517 2761 590 2843 quid
601 2762 639 2824 de
648 2762 795 2824 ancilibus
804 2763 920 2842 vestris,
929 2762 1163 2844 MarsGrsdiue,
1174 2769 1200 2805 ⁰⁸
1207 2777 1299 2846 tuque
1306 2765 1389 2836 Qui-

245 2909 251 2918 ,
347 2845 553 2928 ‘rinepaterl
575 2849 638 2910 hac
649 2849 752 2910 omnia
761 2849 793 2911 in
802 2849 931 2932 profano
940 2850 1038 2913 deseri
1047 2851 1249 2933 plncetsacra,
1257 2852 1391 2932 aqualis

345 2933 360 2967 ‘
372 2933 449 3012 urbi,
464 2935 601 3016 quedam
615 2936 780 3001 uetustiora
794 2936 910 3018 origine
924 2937 1026 3000 urbis?
1049 2937 1206 3017 &ridete
1219 2938 1294 3020 quid
1309 2939 1394 3000 inter

347 3019 430 3084 ‘nos
442 3043 478 3084 ac
489 3020 619 3105 majores
633 3021 760 3084 intersit.
772 3022 816 3084 illi
830 3037 917 3084 sacru
930 3024 1067 3106 quiedam
1082 3028 1107 3072 ⁰⁷
1114 3025 1145 3086 in
1154 3039 1259 3089 monte
1268 3024 1396 3091 Albano

348 3107 359 3144 ‘
373 3106 579 3200 lavinioqued
593 3109 680 3172 nobis
694 3109 836 3172 facienda
849 3103 1049 3174 tradiderunt.
1070 3109 1121 3174 An
1135 3133 1176 3174 ex
1190 3110 1327 3174 bostium
1341 3131 1396 3173 ur·

542 3200 591 3277 ἐκ
601 3228 676 3278 Grau
688 3228 759 3279 Cres.
806 3258 812 3266 ,
960 3224 1108 3291 *lauimus
1117 3227 1186 3278 em.

347 3339 423 3384 urta:
439 3327 852 3396 quodetexrtsreinmargiueuniur
914 3323 938 3364 Ν
955 3325 1029 3390 Tuque
1047 3326 1143 3381 err'rtne
1159 3325 1234 3390 peter]
1259 3326 1393 3376 Obseruau-

225 3393 229 3400 ’
346 3399 512 3448 maranno
522 3395 657 3444 Gronovius.
883 3393 939 3441 dum
955 3393 1035 3440 saeuis
1055 3407 1101 3442 non
1120 3393 1206 3441 manu
1221 3405 1313 3441 rantum
1330 3395 1395 3440 Grs·

381 3458 853 3525 nnQuor·puruertrnrnseetrunsrt‚puod]
883 3457 939 3516 disi,
964 3459 1005 3506 sed
1026 3457 1099 3522 etism
1118 3457 1212 3508 Quirini
1237 3459 1307 3523 pstris
1325 3473 1394 3506 suem

347 3525 443 3590 Suppls,
463 3525 485 3574 si
500 3525 571 3584 farto,
588 3527 652 3588 quod.
694 3523 709 3552 '
729 3525 780 3572 Nisi
802 3525 852 3587 qn'u
882 3523 926 3571 boe
946 3521 997 3570 loro
1017 3523 1115 3571 baberi:
1141 3527 1210 3586 culm
1235 3525 1269 3572 rei
1294 3523 1416 3570 somme‘

347 3591 409 3642 torre
421 3589 636 3652 mulierQurrnpsr
645 3595 712 3638 tustra
713 3589 807 3655 suetus»
815 3597 854 3646 ert.
883 3588 943 3666 uliud
957 3588 1112 3636 testimonium
1123 3605 1189 3664 agre·
1203 3589 1307 3652 reperias.
1338 3587 1389 3635 Sed

347 3657 475 3772 *Ionis
482 3720 556 3786 epulo]
574 3718 628 3768 vu.
638 3719 735 3770 mid.
745 3719 774 3768 ιὰ
784 3721 853 3770 alb·
883 3653 1392 3833 {zeppepfflneggngnmffi

807 3825 815 3838 ,
918 3801 964 3833 .ru
980 3798 1013 3833 rr.
1324 3799 1329 3812 ·

343 3797 404 3891 ’,ᾖ
422 3853 437 3885 ⁸
457 3849 567 3900 Puloirrcrr
581 3847 670 3912 migr]
695 3849 802 3898 Pulrinsr
817 3861 853 3898 est
915 3849 939 3886 W
965 3800 995 3896 lo
1027 3859 1098 3899 monto
1128 3850 1221 3906 Album,
1251 3844 1393 3910 lemme}

349 3913 425 3968 tenu
445 3917 513 3968 elicui
529 3917 572 3965 deu
591 3923 683 3964 sintne.
727 3908 775 3962 lire
793 3916 854 3962 romi
883 3913 945 3962 Tum
957 3914 1071 3962 inruente
1088 3915 1188 3975 Album,
1201 3927 1253 3963 tna
1274 3916 1299 3963 io
1316 3929 1347 3962 so
1365 3913 1394 3961 in

348 3983 495 4048 videtutpro
512 3983 559 4047 ipa
569 3979 701 4029 celebritate
711 3977 855 4028 lectisternii.
885 3980 1072 4042 quo'hrluium
1093 3982 1213 4030 eonditum
1233 3989 1278 4028 est.
1321 3978 1392 4026 larb-

350 4044 433 4110 ltaque
441 4047 547 4110 pulvim
555 4046 634 4106 subi
643 4043 704 4094 idem
720 4055 754 4092 est
771 4043 853 4092 relc-
885 4044 949 4091 niurn
976 4056 1026 4092 erut
1053 4045 1078 4093 in
1104 4045 1165 4095 oolla
1192 4045 1287 4108 quodni
1309 4043 1393 4099 dcun.

351 4111 475 4160 Miner
484 4114 578 4160 bubni.
610 4108 852 4158 Dslsnirtsmiorid.
884 4107 1112 4175 tsneDionynM.
1145 4111 1193 4159 llic
1210 4125 1263 4171 ergo
1280 4107 1392 4172 ipreeul·

350 4185 403 4222 not.
414 4177 454 4224 48.
465 4177 492 4225 ad
502 4191 524 4226 e.
538 4177 575 4224 13.
584 4189 658 4239 supra
858 4179 863 4192 ’
883 4172 912 4222 li·
930 4173 1015 4222 dieitur
1032 4176 1078 4224 troc
1094 4174 1146 4225 loeo
1163 4191 1224 4226 m
1242 4174 1349 4228 inim,
1361 4181 1395 4221 ut

385 4237 407 4275 ⁹¹
422 4237 539 4306 ffigmpuo]
555 4237 855 4303 mulmisqsosrtffine·
885 4238 944 4302 rpnd
966 4237 1087 4300 Virgilium
1108 4238 1196 4289 hun·
1214 4241 1299 4289 ΕΜ.
1331 4235 1395 4285 vu.

352 4299 473 4350 tomum
482 4305 599 4354 esvennm
607 4303 855 4368 mantumque
884 4303 933 4364 gni
947 4303 1036 4353 babent
1054 4307 1094 4354 bie
1110 4303 1253 4367 lanam.
1286 4303 1397 4352 Mutari·

349 4365 853 4486 &antunianutbrarrnort’tunis
884 4381 986 4488 aa
1002 4370 1399 4436 mmmmm
