3175 5200
355 367 420 430 lod
789 367 875 431 'riui
893 367 996 432 LIVII

188 529 329 586 omres.
356 535 466 588 ventus
488 529 527 590 ab
547 527 665 606 ‘ineius
687 549 777 616 quem
802 531 1042 613 interfecissent,
1064 535 1267 600 occideretur.
1327 535 1426 610 Quod

188 595 332 653 ΝΜ
354 613 409 696 ubi
440 615 514 677 esth
541 615 675 678 Rornsm
702 619 894 697 nunciatum,
918 639 1112 701 nequaquam
1139 635 1262 687 tmutrun
1290 623 1422 708 publica

357 699 533 763 calamitate
560 706 661 765 moesti
688 701 803 782 Patres,
826 715 976 786 quantum
1001 707 1116 771 feroces
1137 711 1254 773 infelici
1277 713 1427 776 consulis

356 785 468 866 plebeii
485 786 589 865 ductu,
602 790 735 852 fremunt
749 792 893 853 omnibus
908 792 1002 853 locis:
1021 794 1031 826 ‘
1044 793 1140 875 irent,
1150 809 1292 860 crearent
1300 821 1419 863 consu·

358 870 427 930 ‘les
437 892 478 932 ex
494 874 594 956 plebe,
610 877 810 940 transferrent
819 879 967 960 auspicia,
978 883 1136 960 quonefns
1146 896 1236 947 esset.
1273 884 1418 950 Potuisse

358 956 369 988 ‘
387 955 490 1018 Patres
504 960 665 1040 plebiscito
688 965 760 1046 pelli
786 965 952 1026 honoribus
976 969 1057 1028 suis:
1081 987 1156 1030 num
1170 971 1264 1032 etiam
1280 972 1313 1034 in
1327 970 1416 1036 Deos

358 1042 562 1107 ‘inmortales
585 1050 807 1133 inauspicatam
823 1052 924 1134 legem
946 1053 1093 1117 voluisse?
1118 1054 1303 1128 Vindicssse
1325 1061 1413 1142 ipsos

356 1129 370 1161 ‘
383 1147 471 1194 suum
483 1151 608 1215 numen,
619 1159 673 1198 sus
683 1137 831 1220 auspicia
842 1158 908 1220 quae
920 1150 954 1200 ut
965 1141 1096 1225 primurn
1107 1146 1359 1208 *reonneosinr
1371 1147 1416 1208 ab

355 1217 432 1298 (ω,
448 1241 468 1280 a
482 1236 543 1302 quo
553 1241 610 1286 nec
618 1223 669 1306 jus
678 1241 734 1286 nec
744 1225 790 1287 fas
799 1223 902 1303 fuerit,
915 1225 1048 1289 deletum
1063 1247 1134 1290 cum
1151 1229 1231 1292 duce
1240 1232 1415 1295 exercitum

355 1305 368 1336 ‘
385 1307 572 1371 documento
581 1311 683 1388 fuisse,
695 1333 734 1374 ne
744 1312 866 1389 deinde,
878 1313 999 1374 turbato
1011 1318 1035 1352 ⁴¹
1046 1316 1186 1396 gentium
1193 1315 1274 1398 jure,
1284 1319 1416 1381 comitia

239 1395 268 1472 ’γ
306 1451 316 1465 ,
354 1391 369 1422 ‘
384 1391 587 1458 haberentur!
632 1397 690 1460 His
714 1399 840 1460 uocibus
861 1397 945 1459 curia
959 1409 1004 1468 ,et
1026 1399 1127 1463 iorum
1150 1415 1305 1484 personat
1349 1405 1414 1487 Ap.

357 1475 531 1559 Claudium,
547 1486 619 1564 quia
643 1486 828 1546 dissuaserat
850 1485 961 1566 legem,
985 1485 1107 1568 majore
1124 1509 1207 1550 nunc
1228 1492 1416 1553 auctoritate

284 1562 293 1580 ’
354 1577 497 1628 eventum
510 1572 684 1652 reprehensi
701 1574 740 1632 ab
748 1592 781 1632 se
793 1571 912 1631 consilii
924 1573 1126 1650 incursantem,
1139 1575 1321 1638 dictatorem
1331 1597 1415 1638 con·

354 1671 444 1713 sensu
460 1655 659 1735 patriciorum
684 1655 828 1719 Servilius
850 1657 957 1719 consul
983 1659 1069 1738 dicit,
1084 1660 1281 1744 delectusque
1295 1676 1327 1725 et
1336 1662 1413 1744 jus-

353 1738 455 1800 titium
470 1739 629 1805 indictum.
1197 1785 1210 1806 .

398 1823 466 1888 Vll.
495 1825 672 1912 Priusquam
695 1829 828 1894 dictator
849 1832 1047 1913 legionesque
1077 1853 1159 1894 nove
1188 1833 1218 1893 in
1249 1831 1406 1896 Hernicos

349 1917 499 1994 venirent,
522 1917 615 1979 ductu
638 1916 673 1978 C.
689 1914 819 1998 Sulpicii
842 1919 1006 1999 legati'res
1027 1939 1082 2000 per
1104 1920 1288 1980 occasionem
1310 1932 1406 2001 gesta

261 2017 264 2022 ·
339 2003 476 2083 egregie
498 2015 556 2065 est.
601 2003 636 2064 ln
664 2001 826 2083 Hernicos,
856 2017 956 2067 morte
989 2006 1121 2067 consulis
1153 2005 1327 2066 contemtim
1358 2006 1405 2068 ad

326 2132 328 2140 ‚
350 2103 455 2150 castra
470 2087 611 2152 Romano
627 2109 697 2151 cum
712 2089 794 2153 haud
811 2093 905 2152 dubia
919 2093 1114 2173 expugnandi
1129 2113 1184 2174 spe
1194 2091 1406 2171 succedentes,

353 2175 497 2238 hortante
527 2176 640 2258 legato,
671 2185 703 2238 et
731 2178 830 2259 plenis
855 2179 905 2238 irae
931 2189 1023 2258 atque
1050 2178 1243 2258 indignitatis
1272 2178 1409 2241 militum

351 2262 474 2339 animis,
490 2263 610 2344 eruptio
631 2274 679 2325 est
702 2263 792 2325 facts
837 2261 972 2326 Multum
993 2265 1032 2325 ab
1047 2285 1101 2345 spe
1116 2263 1251 2325 adeundi
1265 2265 1336 2325 ualli
1360 2285 1413 2326 res

353 2341 497 2410 Hernicis
527 2349 622 2427 aluit3
662 2351 740 2412 adeo
775 2351 904 2413 turbetis
934 2351 1007 2412 inde
1041 2349 1199 2412 ordinibus
1222 2351 1412 2413 abscessere.

352 2432 521 2498 Dictatoris
548 2436 660 2498 deinde
692 2435 822 2498 adventu
843 2457 939 2498 novus
965 2438 1059 2498 veteri
1081 2437 1237 2498 exercitus
1254 2437 1410 2520 jungitur,

348 2533 385 2588 et
410 2523 507 2606 copiae
534 2523 744 2607 duplicanturr
782 2535 816 2584 et
841 2544 896 2605 pro
927 2523 1076 2585 concione
1106 2524 1242 2585 dictator
1266 2523 1410 2585 laudibus

350 2612 447 2694 iegati
477 2612 681 2692 militumque,
708 2631 838 2691 quorum
870 2611 982 2672 virtute
1010 2622 1112 2672 costra
1140 2610 1271 2672 defensa
1308 2622 1409 2687 erant,

353 2700 443 2761 simul
475 2698 668 2760 audientibus
710 2696 816 2759 laudes
845 2697 982 2774 meritas,
1018 2696 1102 2758 tollit
1132 2698 1275 2774 arrimos3
1312 2697 1405 2757 simul

293 2828 296 2833 -
354 2798 473 2848 ceteros
497 2784 537 2846 sd
558 2783 743 2845 aemulandas
764 2784 891 2844 virtutes
914 2783 1006 2844 acuit.
1050 2781 1159 2863 Neque
1182 2784 1298 2864 segnius
1320 2780 1414 2842 ‘'ad-

355 2875 458 2934 hostes
474 2872 587 2934 bellum
603 2870 778 2951 adparatus,
795 2870 857 2950 qui,
873 2880 906 2929 et
920 2870 1000 2951 porti
1016 2879 1088 2929 ante
1104 2869 1223 2930 decoris
1244 2886 1413 2945 memores,·

354 2978 457 3039 neque
490 2958 587 3043 ignari
624 2966 780 3017 auctarum
803 2956 913 3016 virium
947 2954 1054 3033 hostis,
1077 2974 1147 3016 suas
1177 2974 1296 3037 quoque
1322 2953 1403 3013 uires

356 3056 480 3127 augent.
537 3044 638 3105 Omne
675 3040 845 3103 Hernicum
874 3060 999 3119 nomen,
1029 3042 1128 3102 omnis
1163 3042 1304 3103 militaris
1333 3054 1409 3102 cons

355 3132 484 3193 excitur.
502 3128 774 3213 quadringenariae
803 3138 876 3189 octo
909 3126 1062 3205 cohortes,
1084 3128 1165 3189 lectu
1195 3126 1308 3189 roboro
1327 3127 1415 3187 viro·

357 3238 435 3297 rum,
465 3218 646 3279 scribuntur.
713 3213 805 3277 Hunc
844 3213 991 3275 eximium
1030 3214 1137 3275 dorem
1171 3212 1343 3294 juventutis
1371 3232 1413 3274 eo

357 3304 465 3380 etiam,
480 3302 574 3384 quod,
589 3314 623 3363 ut
646 3300 759 3384 duplex
786 3300 961 3382 acciperent
982 3300 1178 3382 stipendium,
1203 3300 1413 3375 decreverant,

356 3390 425 3471 spei
464 3390 694 3467 animorumque
731 3388 893 3471 inplevere.
958 3384 1103 3447 inmunes
1133 3403 1254 3467 quoque
1280 3404 1412 3468 opernm

306 3476 308 3481 '
359 3474 540 3534 nuilitsrium
574 3484 672 3550 erant,
694 3485 742 3551 ut,
762 3474 799 3535 iu
825 3493 922 3535 onum
947 3494 1058 3556 pugne
1085 3473 1223 3533 laborem
1252 3471 1412 3549 mmo,

360 3562 390 3597 ⁴¹
406 3558 474 3640 plus
503 3558 573 3635 sibi,
604 3576 695 3639 quam
725 3578 781 3641 pro
811 3559 890 3621 virili
926 3572 1025 3641 parte,
1059 3558 1255 3621 adnitendum
1281 3558 1418 3618 senene

301 3708 303 3713 .
361 3642 460 3707 Extra
483 3644 622 3705 ordinem
644 3646 737 3708 etiam
766 3646 799 3707 in
826 3648 891 3707 acie
905 3645 1011 3724 beati,
1024 3666 1086 3727 quo
1101 3644 1288 3726 conspectior
1308 3643 1408 3702 circus

362 3744 454 3797 esset.
495 3728 601 3795 Duum
617 3730 746 3797 millium
758 3732 908 3817 plemeus
921 3744 1024 3795 cestra
1039 3732 1181 3795 Romans
1198 3730 1240 3791 sb
1258 3726 1407 3791 Hernicis

701 3965 703 3971 .
795 3917 988 3971 emerem.

393 4063 419 4101 ⁴⁰
435 4063 451 4094 ⁸
467 4061 586 4125 Οωιεωω]
617 4061 716 4141 Polluce.
749 4060 823 4139 Supn
834 4073 871 4109 ru.
903 4065 967 4109 r‘ectc
987 4058 1072 4109 dicitur
1087 4072 1129 4122 pro
1144 4056 1223 4119 aput.-
1245 4062 1271 4102 ε
1286 4064 1336 4101 nm
1351 4061 1420 4137 con-Q

361 4128 873 4243 mffiffluldmitdsmffl
903 4137 958 4267 αὖ,
973 4188 988 4218 “
1006 4188 1062 4237 uun
1075 4186 1115 4235 nbi
1131 4200 1196 4250 qun
1214 4196 1256 4262 pro
1272 4178 1419 4260 oiridputt

362 4256 542 4369 Qec·
559 4320 633 4383 jere]
653 4320 714 4370 iure
738 4334 765 4371 sc
792 4317 876 4369 diserio'
903 4335 972 4383 quem
1000 4252 1168 4382 qundnrsuio
1183 4247 1421 4375 ‘zebinam

363 4382 428 4429 ³³⁸0
446 4385 537 4441 asum
552 4396 577 4432 et
591 4386 740 4437 muron.
755 4384 811 4435 Vrd.
822 4398 873 4436 not.
903 4386 977 4447 cupita
989 4386 1044 4432 satis
1059 4393 1140 4443 essm
1155 4396 1228 4429 rmum
1240 4375 1369 4442 quemlibet
1385 4394 1417 4427 cx

364 4446 474 4495 zadun.
487 4448 509 4496 r.
903 4448 1285 4513 *monopedam
1302 4453 1354 4495 tus
1369 4442 1418 4493 de·

396 4510 599 4576 mnam]
623 4516 801 4579 Apnrlhostcs.
838 4517 875 4563 An
904 4512 970 4565 bere.
