3175 5200
451 390 529 454 tlt.
550 354 602 453 vt.
623 388 704 451 cte.
724 385 901 449 xxxvru.
1135 394 1196 450 aaa

148 550 161 631 ‘..
173 538 304 635 gloriam
319 550 401 629 beni,
412 534 518 634 'genua
534 552 738 631 nobilitatem,
761 570 874 661 magna
888 520 961 634 ipsis
975 549 1112 629 Intende,
1126 532 1196 613 utre·t
1207 575 1280 627 uc,
1289 575 1349 627 ³0⁶.

148 638 158 671 ‘
168 638 239 722 jora
254 638 354 701 liberis
365 638 584 720 relinquenda?
629 637 730 721 Hujus
753 638 872 721 generis
893 638 1048 703 orationes
1065 638 1118 699 ubi
1142 656 1194 699 ac-
1206 645 1238 693 n.
1249 638 1348 692 cett.

149 727 210 809 cipi
225 726 348 805 videre3
371 746 482 787 novam
503 726 694 807 rogationem
720 725 926 808 promulgant,
954 736 987 787 ut
1010 746 1065 807 pro
1084 724 1195 787 duum-

149 814 219 875 viris
240 813 333 875 sacris
352 812 501 874 faciundis
527 812 689 874 decemviri
715 813 947 892 creentur3ita
968 824 1005 873 ut
1029 815 1135 894 ⁸¹pars
1156 832 1196 872 ex

149 890 248 982 plebe,
264 921 334 983 pars
354 920 393 961 ex
407 897 545 961 Patribus
566 898 640 960 liat:
662 898 859 979 omniumque
875 919 980 961 earum
1000 898 1196 981 rogationum

149 980 329 1047 comitiam
355 986 518 1048 adventum
543 984 607 1069 ejus
634 984 783 1048 exercitus
809 984 966 1066 differunt,
989 986 1042 1067 qui
1063 981 1196 1045 Velitras

149 1072 317 1135 obsidebat.
535 1124 536 1129 ,

190 1157 371 1221 XXXVIII.
392 1158 493 1237 ,Prius
522 1159 722 1223 circumactus
747 1171 794 1223 cst
824 1180 932 1237 annus,
963 1179 1055 1241 quarn
1078 1179 1097 1218 a
1110 1155 1197 1218 Veli-

149 1245 201 1307 tris
227 1247 442 1309 reducerentur
469 1247 613 1329 legioncs.
639 1248 685 1310 ita
713 1267 861 1331 suspensa
889 1247 928 1308 de
946 1245 1064 1327 legibus
1087 1264 1135 1305 res
1158 1242 1200 1305 ad

115 1363 120 1371 ·
149 1353 244 1395 novos
267 1335 403 1396 tribunos
425 1334 556 1397 militum
581 1335 687 1397 dilata.
707 1355 778 1396 nam
799 1334 896 1418 plebis
911 1333 1049 1395 tribunos
1063 1331 1199 1407 eosdem,

149 1419 225 1480 duos
252 1421 367 1501 utique,
393 1422 486 1503 quiah
500 1421 603 1505 legum
619 1418 739 1484 latores
755 1433 855 1499 erant,
880 1420 984 1503 plebes
1010 1418 1199 1481 reficiebant.
1448 1476 1454 1482 .

147 1504 275 1589 Tribuni
302 1507 432 1569 militum
455 1510 549 1571 creati
578 1508 616 1571 Τ.
637 1508 811 1588 Quinctius,
841 1506 907 1569 Ser.
934 1505 1103 1583 Cornelius,
1132 1501 1198 1564 Ser.
1211 1504 1353 1555 U·C·³³⁷·

150 1588 312 1675 Sulpicius,
341 1592 395 1677 Sp.
419 1593 572 1672 Servilius,
596 1593 633 1657 L.
659 1593 807 1677 Papirius,
830 1592 866 1655 L.
881 1590 1037 1656 Veturius.
1082 1567 1371 1691 Prirrci·ssffi

28 1701 33 1711 ·
61 1746 65 1753 ,
148 1679 201 1761 pio
226 1680 332 1761 statim
352 1681 423 1743 anni
450 1682 491 1743 ad
515 1682 655 1744 ultImam
674 1681 905 1743 dimicationem
928 1680 966 1741 de
986 1677 1103 1761 legibus
1123 1696 1198 1737 ven·
1212 1670 1370 1754 &mm

148 1775 235 1827 tum:
259 1780 301 1843 et,
325 1787 418 1849 quum
443 1769 538 1843 tribus
566 1779 756 1846 vocarentur,
777 1787 834 1829 nec
861 1766 1040 1829 intercessio
1064 1763 1199 1845 collega·
1378 1790 1382 1798 ·

149 1872 215 1912 mm
232 1851 377 1915 latoribus
393 1855 539 1933 obstaret,
569 1855 680 1937 trepidi
696 1853 801 1917 Patres
816 1855 857 1916 ad
876 1855 937 1916 duo
951 1853 1060 1915 ultIma
1075 1850 1200 1927 auxilia,
1238 1933 1244 1945 Ι

149 1958 300 2001 summurn
318 1940 478 2023 imperinm
494 1936 706 2023 summumque
727 1943 767 2004 ad
782 1942 891 2019 civem,
907 1941 1081 2002 decrurant.
1123 1934 1201 1997 Dic·
1212 1932 1365 2046 mc..

151 2034 283 2109 tatorem
298 2027 359 2089 dici
376 2028 488 2109 placet.
505 2029 616 2090 dicitur
643 2026 690 2089 M.
703 2026 810 2107 Furius
835 2025 994 2105 Camillus,
1020 2026 1072 2107 qui
1087 2023 1201 2105 magis-
1213 2006 1347 2113 ffiffiv·

73 2170 75 2174 ,
151 2122 232 2173 trum
252 2114 389 2195 equitum
408 2112 445 2177 L.
460 2112 621 2176 AEmilium
645 2124 781 2196 cooptat.
803 2112 920 2197 Legum
942 2132 1063 2197 quoque
1078 2111 1202 2189 latores,

150 2197 289 2260 adversus
310 2212 431 2262 tanum
453 2200 635 2283 adparatum
655 2200 906 2279 adversariorum,
930 2211 963 2261 et
985 2200 1042 2282 ipsi
1063 2217 1202 2261 caussam

150 2280 246 2363 plebis
270 2284 443 2365 ingentibus
464 2287 573 2347 animis
597 2298 718 2349 armant
730 2308 741 2364 :¹
763 2286 954 2366 concilioque
976 2286 1075 2369 plcbjs
1104 2284 1203 2345 indic·

151 2376 195 2445 to,
221 2368 316 2453 tribus
340 2372 380 2432 ad
407 2371 583 2453 suffragium
607 2386 728 2433 vocant.
772 2372 875 2442 Quum
903 2372 1047 2450 dictator,
1072 2370 1203 2453 stipatus

153 2454 275 2535 agmine
300 2456 508 2535 patriciorum,
540 2457 647 2537 plenus
681 2458 731 2517 irae
763 2457 973 2537 minarumque
1003 2456 1203 2533 consedisset,

152 2532 243 2622 atque
266 2551 405 2622 ageretur
429 2560 475 2602 res
488 2542 593 2604 solito
614 2543 745 2624 primum
766 2542 934 2604 certamine
956 2539 1035 2604 inter
1053 2562 1087 2604 se
1105 2540 1202 2604 tribu·

150 2646 258 2688 norum
270 2626 350 2710 plebi
360 2626 378 2705 ¹,
394 2627 557 2690 serentium
580 2627 680 2709 legem
696 2628 1024 2710 intercedentiumque,
1044 2639 1087 2706 et,
1103 2648 1203 2709 quan·

151 2721 183 2773 to
193 2711 263 2793 jure
282 2711 438 2794 potentior
459 2714 636 2776 Intercessio
662 2725 737 2791 erat,
759 2726 881 2778 tantum
906 2715 1077 2777 vinceretur
1100 2713 1202 2776 favore

150 2797 253 2880 legum
279 2797 411 2881 ipsarum
438 2799 640 2882 latorumque,
656 2810 699 2878 et,
715 2801 763 2841 ‘⁸²
772 2799 827 2862 Uti
851 2800 962 2883 rogas,'
986 2801 1091 2884 prime
1105 2799 1202 2863 tribus
1215 2794 1341 2907 Ὗ

151 2881 287 2948 'dicerent
299 2908 309 2962 3
334 2897 398 2948 tum
412 2883 569 2964 Camillus,
591 2885 895 2970 ‘Quandoquidem’
910 2888 1020 2971 inquit,
1037 2886 1202 2967 ‘Quirites,
1214 2872 1292 2973 ,Ἄ
1301 2869 1360 2972 J*

151 2969 239 3052 ‘jam
250 2992 304 3034 vos
320 2972 481 3034 tribunicia
492 2972 599 3051 libido,
613 2994 676 3036 non
692 2985 840 3056 potestas,
856 2975 945 3056 regit,
959 2986 992 3036 et
1010 2975 1203 3037 intercessio·
1214 2991 1327 3040 mium

153 3057 260 3134 ‘nem,
286 3059 456 3122 secessione
482 3059 637 3141 quondam
667 3060 765 3142 plebis
788 3073 920 3141 partam,
942 3061 1028 3122 vobis
1050 3060 1157 3123 cadem
1172 3062 1203 3123 vi

152 3141 279 3204 ‘facitis
294 3143 422 3222 irritam,
439 3163 507 3225 .qua
530 3145 690 3227 peperistis
700 3168 710 3223 ;
735 3166 798 3208 non
819 3147 993 3229 reipublice
1012 3147 1111 3227 magis
1132 3147 1203 3208 uni·

153 3228 281 3306 ‘versae,
309 3249 401 3310 quam
426 3242 527 3292 vestra
552 3251 670 3308 caussa,
701 3232 835 3293 dictator
861 3231 1070 3293 intercessioni
1099 3231 1203 3311 adero,
1317 3251 1320 3256 ’

154 3316 378 3396 feversumquc
402 3319 573 3378 “vestrum
594 3315 740 3379 auxilium
760 3319 890 3399 imperIo
906 3319 1040 3379 tutabor.
1084 3315 1204 3400 ltaque,

155 3403 163 3436 ‘
181 3401 206 3463 si
217 3401 253 3464 C.
267 3401 400 3464 ldcinius
415 3412 447 3463 et
460 3400 495 3463 1.
507 3399 630 3464 Sextius
646 3403 856 3466 intercessioni
868 3404 1203 3486 collegarumccduut3

154 3488 164 3522 ‘
181 3489 257 3550 nibil
272 3489 436 3572 patricium
459 3489 671 3571 magistratum
689 3491 821 3552 inseram
837 3492 969 3554 concilio
983 3491 1090 3576 plebis.
1106 3492 1132 3552 si
1148 3490 1204 3553 ad·
1294 3511 1298 3519 ·

154 3575 280 3636 ‘versus
295 3575 554 3655 Intercesaionem,
570 3589 728 3659 tamquam
752 3589 850 3662 captae
870 3578 988 3641 cicitati
1009 3578 1092 3661 leges
1113 3579 1203 3660 inpo-

153 3661 165 3694 ‘
179 3669 252 3722 nere
264 3661 405 3740 tendent,
420 3662 481 3725 vim
498 3662 692 3726 tribuniciam
704 3686 724 3726 a
739 3685 771 3726 sc
787 3665 854 3746 ipsa
870 3665 993 3727 dissolu
1009 3686 1070 3727 non
1082 3661 1205 3748 patiar?

154 3747 306 3809 Adversus
329 3751 366 3809 ea'
390 3769 483 3831 quum
507 3751 687 3812 contemtim
703 3751 817 3814 tribuni
833 3751 930 3834 plebia
946 3772 1010 3813 rem
1024 3751 1122 3813 nihilo
1136 3770 1206 3830 seg-

155 3835 223 3914 nius
237 3845 427 3917 peragerent,
449 3848 515 3897 tum
543 3837 674 3918 percitus
697 3838 744 3899 ira
763 3837 912 3900 Camillus
936 3838 1071 3916 lictores,
1096 3834 1208 3919 quide

155 3919 256 3982 medio
271 3921 393 4004 plebem
409 3934 595 4000 amoverent,
610 3923 703 3985 misit.
728 3935 761 3986 ct
781 3924 904 3987 addidit
922 3924 1033 4000 minas,
1057 3922 1084 3982 si
1098 3940 1207 4004 perge·

351 4053 586 4115 ciceronem.
807 4101 810 4106 ,
840 4050 1011 4112 'plsbciCren
1090 4076 1131 4104 ,,;

189 4139 238 4176 ⁵¹*
252 4141 322 4202 Par-r]
340 4139 452 4190 Diraidia.
563 4169 566 4178 ι
699 4138 779 4188 anxilii
808 4138 873 4187 robis
897 4138 988 4187 serendi
1013 4152 1080 4187 causa
1101 4137 1209 4187 indm

188 4208 210 4242 θ
229 4205 355 4269 Utircgar]
372 4205 400 4252 ld
417 4216 461 4262 est,
479 4203 519 4253 dat
537 4201 573 4254 nti
594 4217 667 4265 rogas.
700 4201 1102 4267 mimpcrbdicutoriormboe.
1132 4201 1208 4251 Penes

158 4271 212 4318 suc
234 4271 286 4319 brec
307 4267 408 4318 ”lenuis
427 4283 481 4332 vox,
506 4285 551 4332 qna
616 4269 669 4316 ulna
700 4269 815 4334 triticeos,
840 4279 868 4316 nt
889 4270 938 4328 Iam
960 4267 1080 4332 eligenies
1101 4266 1209 4315 observa·

154 4334 665 4410 jubebatniverciroebatidquodabe'quo
697 4343 812 4412 tumeat,
826 4331 907 4412 aemilii
922 4331 979 4397 im
995 4333 1132 4410 mens.
1181 4344 1208 4380 cs

159 4527 207 4595 ter]
251 4528 392 4588 min
423 4530 577 4596 tribunitiam,
613 4543 665 4594 quc
696 4538 757 4582 crat.
