3175 5200
546 397 623 461 mu.
638 398 692 460 vl.
713 399 797 463 CAP.
808 398 891 462 XLI.
1166 412 1225 471 ³9³

176 554 186 588 ‘
201 555 416 645 Numquamne
426 580 480 623 vos
489 580 536 623 res
550 560 664 644 potius,
676 582 767 645 quarn
784 571 932 642 auctores,
946 564 1146 646 spectabitis?
1172 564 1227 627 ssd
1238 572 1273 621 u.
1281 569 1312 621 c.
1323 570 1384 623 ³87.

176 642 186 675 ‘
202 649 306 710 omnia
326 668 455 731 semper,
475 668 540 730 quse
554 649 749 731 magistratus
764 649 816 711 ille
831 651 925 734 dicet,
939 652 1079 715 secundis
1095 653 1227 731 auribus,
1239 636 1312 688 Μ·
1321 638 1381 689 ³⁸⁵·

176 728 266 815 ‘quse
281 736 319 797 ab
333 738 473 798 nostrum
496 756 556 817 quo
582 736 732 815 dicentur,
749 736 881 799 adversis
897 738 1074 820 accipietis?
1098 738 1142 802 At
1157 740 1227 801 her·

176 815 188 850 ‘
202 822 269 885 cuie
279 825 411 884 ”sermo
419 832 467 883 cst
476 823 600 883 minime
608 822 712 884 civilis.
721 822 821 893 Quid?
833 823 1227 909 Rogatioqualisestquam

177 903 187 934 ‘
203 908 316 971 avobis
329 909 518 990 antiquatam
530 908 740 991 indignantur?
755 910 898 989 sermoni,
909 910 1054 989 Quirites,
1064 911 1227 974 simillima.

177 990 187 1023 ‘
204 991 361 1073 Consules,
384 995 494 1076 inquit,
512 1016 599 1079 rogo,
619 1016 656 1057 ne
676 996 772 1075 vobis,
787 1017 864 1079 quos
877 997 988 1077 velitis,
1011 998 1111 1061 facere
1127 998 1229 1060 liceat.

176 1076 251 1143 ‘An
266 1081 353 1143 aliter
368 1094 468 1164 rogat,
492 1082 543 1165 qui
567 1082 671 1165 utique
693 1083 821 1146 alterum
836 1104 875 1145 ex
889 1085 978 1167 plebe
992 1084 1057 1147 fieri
1073 1085 1228 1147 consulem

177 1162 187 1195 ‘
198 1166 287 1250 jubet
291 1189 302 1246 3
321 1188 377 1230 nec
389 1168 464 1231 duos
476 1170 619 1251 patricios
630 1169 753 1231 creandi
764 1181 951 1252 potestatem
962 1172 1046 1233 vobis
1058 1170 1226 1256 permittit?

176 1248 235 1315 ‘Si
251 1254 344 1317 hodie
358 1254 439 1317 bella
452 1256 525 1332 sint,
547 1256 636 1337 quale
656 1252 819 1319 Etruscum
834 1257 902 1335 nit,
918 1277 1011 1338 quum
1027 1256 1159 1320 Porsena
1172 1256 1227 1320 Ja-

177 1334 188 1369 ‘
201 1342 336 1403 niculum
348 1341 460 1405 insedit
467 1338 476 1421 ;'
500 1343 588 1426 quale
600 1340 750 1405 Gallicum
760 1343 864 1423 modo,
877 1364 969 1425 quum
980 1356 1088 1427 prater
1101 1343 1228 1429 Capito·

176 1421 278 1489 ‘lium
298 1440 389 1512 atque
406 1450 507 1491 arcem
522 1430 627 1492 omniu
639 1430 703 1492 haec
719 1430 852 1493 hostium
873 1442 969 1509 erent,
984 1441 1017 1493 et
1038 1432 1229 1499 consulatum

177 1506 303 1577 ‘⁸⁷cnm
319 1516 378 1577 hoc
394 1513 441 1576 M.
452 1514 542 1578 Furio
553 1527 604 1578 ets
620 1516 755 1597 quolibet
766 1517 827 1577 alio
838 1538 877 1579 ex
888 1515 1027 1579 Patribus
1039 1515 1076 1579 L.
1087 1517 1138 1579 ille
1150 1514 1228 1577 Sex-

176 1593 188 1627 ‘
203 1600 263 1663 tius
277 1612 410 1684 peteret3
437 1602 605 1684 possetisne
621 1602 708 1680 ferre,
724 1600 863 1665 Sextium
877 1603 960 1664 haud
974 1624 1031 1685 pro
1046 1604 1244 1666 dubiosum·

177 1681 297 1749 ‘sulem
313 1708 388 1767 esse,
404 1686 566 1751 Camillum
583 1686 620 1749 de
636 1688 755 1770 repulsa
770 1689 933 1750 dimicare?
970 1688 1109 1751 Hoccine
1129 1700 1176 1751 eat
1196 1689 1228 1749 in

177 1768 186 1799 ‘
202 1770 498 1837 communehonores
505 1796 625 1853 vocare,
634 1786 669 1835 ut
677 1774 893 1857 duosplebeios
903 1774 966 1836 fieri
976 1775 1115 1838 consules
1126 1775 1227 1853 liceat,

175 1852 186 1886 ‘
202 1860 277 1922 duos
288 1860 433 1942 patricios
445 1882 506 1923 non
518 1860 627 1923 liceat?
652 1872 683 1923 et
698 1861 826 1923 alterum
841 1882 880 1922 ex
895 1862 982 1944 plebe
996 1863 1092 1925 creari
1103 1882 1228 1923 necesse

174 1940 185 1973 ‘
199 1947 415 2029 sit,utrumque
425 1968 462 2009 cx
472 1946 610 2011 Patribus
621 1946 772 2030 praeterire
781 1947 889 2009 liccat?
903 1947 1049 2017 Quaenm
1060 1948 1227 2009 istasocie·

175 2027 185 2060 ‘
201 2044 258 2111 tas,
269 2054 404 2115 quaenam
418 2034 572 2097 consortio
583 2034 648 2096 est?
670 2032 778 2095 Parum
789 2045 845 2111 est,
857 2034 893 2111 si,
905 2033 990 2116 cujus
1001 2054 1070 2117 pars
1081 2033 1229 2096 tuanuila

85 2153 86 2157 =
175 2113 301 2181 ‘adhuc
317 2120 385 2198 fuit,
401 2121 432 2181 in
448 2130 564 2205 partem
580 2118 645 2201 ejus
659 2120 753 2197 venis,
772 2120 831 2180 nisi
847 2130 967 2201 partem
978 2119 1228 2203 petendototum

176 2200 187 2234 ‘
202 2205 346 2267 traxeris?
372 2205 492 2285 Timeo,
513 2206 622 2287 inquit,
642 2227 692 2282 nc,
708 2206 733 2266 si
747 2206 824 2267 duos
843 2206 949 2269 licebit
963 2207 1057 2268 creari
1073 2206 1229 2289 patricios,

176 2286 187 2320 ‘
201 2293 355 2353 neminem
367 2293 476 2355 creetis
487 2292 650 2375 plebeium.
676 2291 789 2365 ”Quid
801 2304 848 2353 est
863 2292 963 2354 dicere
972 2292 1065 2371 aliud,
1078 2292 1165 2374 quia‘
1179 2292 1227 2351 in-

177 2375 188 2408 ‘
203 2378 313 2459 dignos
327 2389 429 2440 vestra
441 2380 595 2440 voluntate
609 2379 737 2441 creaturi
750 2400 811 2440 non
823 2379 905 2454 estis,
921 2380 1133 2441 necessitatem
1143 2378 1229 2440 vobis

176 2462 187 2495 ‘
202 2458 336 2541 creandi,
352 2486 427 2545 qnos
442 2486 503 2526 non
520 2464 618 2541 vultis,
635 2465 798 2548 inponam?
825 2464 907 2534 Quid
916 2467 1062 2547 sequitur,
1071 2465 1175 2537 nisiut
1189 2484 1228 2525 ne

175 2548 187 2582 ‘
203 2548 509 2630 beneficiumquidem
523 2550 632 2612 debeat
641 2552 764 2634 populo,
771 2552 795 2613 si
804 2572 874 2613 cum
882 2551 998 2628 duobus
1006 2551 1142 2634 patriciis
1150 2570 1227 2612 unus

175 2635 187 2669 ‘
200 2637 323 2720 petierit
337 2637 483 2719 plebeius,
498 2649 531 2700 et
545 2637 611 2718 iege
625 2659 668 2714 se,
684 2658 744 2699 non
761 2637 917 2720 suffragio,
927 2649 1062 2699 creatum
1078 2637 1182 2699 dicat?

178 2739 181 2749 ’
218 2721 300 2785 XLI.
316 2723 499 2794 ‘Quomodo
507 2734 719 2804 extorqueant,
729 2745 790 2785 non
804 2726 957 2804 quomodo
968 2735 1077 2806 petant
1085 2724 1228 2801 honores,

174 2809 186 2844 ‘
200 2820 350 2891 quaerunt:
367 2811 455 2872 etita
466 2811 601 2872 maxima
611 2820 682 2871 sunt
694 2811 845 2892 adepturi,
854 2814 922 2872 ”ut
932 2810 1010 2872 nihil
1019 2831 1058 2873 ue
1067 2804 1124 2893 pro
1135 2810 1226 2872 mini·

174 2895 257 2958 ‘mis
272 2896 394 2977 quidem
410 2897 543 2960 debeant
551 2918 561 2974 3
585 2907 618 2959 et
632 2897 845 2959 occasionibus
858 2897 973 2980 potius,
993 2915 1085 2978 quam
1104 2897 1226 2974 virtute,

172 2982 184 3014 ‘
198 2983 336 3066 ”petere
347 2983 478 3046 honores
490 2984 636 3046 malunt·.
651 2981 706 3044 Est
718 2983 837 3065 aliquis,
849 2984 900 3064 qui
912 3005 944 3044 se
954 2982 1075 3065 inspici,
1084 2982 1226 3046 estimeri

240 3155 394 3204 turum
481 3227 485 3238 Ι
536 3156 841 3220 'suipntaflrcmcren
981 3155 1161 3204 wentini-226.

207 3297 230 3334 ω
245 3300 261 3330 ⁸
276 3300 349 3349 &imo
367 3310 398 3349 est
418 3303 506 3352 minime
523 3303 605 3368 civilis]
630 3305 684 3353 Ser·
716 3305 797 3363 dicere,
816 3305 930 3367 qaia...
950 3301 1021 3351 nne
1041 3314 1067 3351 ut
1089 3317 1166 3366 supn,
1180 3300 1227 3350 hoe
1254 3346 1259 3364 ,

175 3377 258 3415 moest
273 3365 316 3429 qui
332 3365 427 3415 minime
447 3367 528 3416 deceat
546 3369 617 3430 cirea,
634 3384 683 3418 me·
716 3369 723 3414 i
775 3385 797 3415 ca
831 3367 1005 3422 Quideetstr'nd
1021 3369 1102 3430 dicere,
1117 3369 1174 3431 qnod
1186 3383 1226 3428 pe·

175 3445 251 3480 mores
266 3447 291 3480 ee
309 3447 362 3480 cum
381 3432 467 3481 civibus
483 3447 560 3494 egere,
581 3435 621 3497 qui
636 3434 684 3500 pari
728 3443 769 3480 unt
779 3433 832 3494 alii,
844 3448 922 3483 noe...
925 3432 1066 3496 fastidiatur.

173 3497 353 3562 jureiibsrteris
362 3498 508 3562 irmntur,in
520 3513 577 3562 quea
587 3501 683 3548 minime
747 3496 770 3536 ⁶³
790 3495 822 3546 Ut
841 3498 901 3546 „stu
920 3514 949 3546 ne
967 3491 1010 3560 pro
1027 3498 1123 3546 murinis
1139 3499 1226 3560 quiden

174 3563 376 3625 demimperioso
385 3579 470 3626 genere
481 3565 593 3613 sermonis
606 3564 648 3613 uti.
715 3560 818 3624 Mum]
845 3563 925 3612 Hu'us
941 3563 986 3612 loci
1000 3564 1092 3612 ridetur
1107 3561 1157 3612 baec
1175 3579 1225 3612 esse

207 3624 230 3663 ⁶⁷
248 3626 305 3674 cum
325 3629 364 3677 isos
384 3628 421 3677 M.
442 3627 521 3688 Furio,
536 3638 558 3679 rt
579 3627 683 3693 pervidet]
715 3628 838 3676 sententis.
878 3581 917 3678 ita
937 3630 1031 3677 mim
1051 3643 1146 3691 quequae,
1168 3645 1225 3678 eon·

174 3691 251 3753 Vulgo
261 3701 303 3740 cut
312 3693 403 3755 quentihet
411 3711 424 3752 .·¹
435 3695 475 3742 sed
485 3695 516 3742 r?
525 3703 546 3744 et
556 3695 683 3760 praeierunt
716 3694 817 3741 nulnum
834 3709 927 3760 nempe,
945 3704 998 3742 nant
1015 3694 1119 3755 adepturi
1138 3693 1224 3757 plebei,

174 3757 289 3819 Andreis,
331 3755 478 3821 Campanus,
504 3763 552 3808 t'res
585 3759 683 3808 Hermi?
714 3767 743 3806 ut
763 3759 824 3808 nnn
842 3774 884 3823 pro
904 3759 931 3807 iis
950 3760 1050 3818 statuat,
1070 3773 1098 3806 ne
1119 3765 1224 3820 tanqum

174 3825 240 3872 codd.
259 3833 284 3872 et
299 3825 473 3871 omuesdoetti.
508 3825 578 3872 Quod
590 3826 682 3888 quidem
715 3825 810 3872 mittanis
830 3825 933 3886 quiden:
959 3825 977 3872 i.
988 3833 1060 3882 e.,ut
1080 3837 1111 3870 ne
1133 3833 1224 3871 tanturn

173 3889 223 3937 sine
242 3889 289 3938 uile
303 3887 446 3936 dubitatione
462 3887 626 3937 admisimus'
648 3889 683 3938 Ut
715 3889 808 3952 quidem
829 3889 892 3936 vobis
912 3905 954 3953 pro
975 3888 1004 3936 iis
1024 3887 1130 3944 debeant,
1151 3903 1224 3951 quau·

175 3954 238 4002 enim
256 3966 320 4003 reete
338 3965 510 4016 argumentetur
529 3957 625 4020 Appius,
640 3970 683 4003 ne·
715 3963 765 4002 turn
778 3954 930 4018 prominimis
944 3949 1023 4001 de'beri
1039 3968 1133 4016 aequum
1150 3965 1223 4004 esset.

175 4023 292 4068 tecum
306 4030 333 4068 ut
347 4019 450 4083 plebeius
466 4035 525 4069 unus
536 4021 683 4070 consulatum
716 4016 773 4069 Non
800 4019 908 4070 absimilis
926 4019 992 4066 loeus
1012 4017 1128 4082 reperitur
1154 4033 1223 4096 suppa

175 4095 239 4183 Pax
248 4085 530 4218 iiiiiidditobtii'ieiitiiiiiid,
543 4151 597 4213 nin]
616 4151 681 4213 Sigo-
714 4087 808 4212 diditi?
817 4083 1223 4211 mgiiiaidrziidutmmioindi

174 4215 227 4262 utus
243 4214 339 4264 inaruit
349 4216 453 4264 ultimam
466 4223 545 4265 vocem
556 4232 587 4264 ex
596 4213 688 4264 veteri-¹
716 4211 795 4263 Patres
805 4215 917 4271 fremunt,
932 4212 1079 4273 indignantur
1094 4227 1133 4275 pro
1150 4211 1223 4278 hono·

175 4278 227 4336 bus,
243 4292 270 4328 ut
287 4281 328 4338 sit,
343 4279 414 4328 libris.
445 4283 491 4329 Sed
508 4295 561 4330 earn
576 4283 682 4344 ignorent
714 4281 788 4339 ribus,
801 4295 849 4328 nou
868 4290 978 4343 tanquam
989 4277 1170 4346 comunione,
1182 4277 1224 4328 sed

175 4343 313 4392 semeae
345 4347 427 4406 codex,
458 4357 483 4395 et
515 4347 683 4412 antiquissimus
716 4343 930 4407 tanqtumamissis.

173 4407 315 4458 'ssim
344 4411 431 4460 notu
452 4411 553 4477 placem
576 4420 687 4461 veterem*
744 4411 768 4448 7⁰
797 4409 877 4459 Petere
902 4411 990 4460 dmm
1014 4406 1104 4472 uelint]
1138 4404 1222 4458 'thm-

174 4473 611 4536 Quaesitumuaesitum
624 4479 679 4525 dar-
712 4489 778 4524 ueus
795 4475 868 4527 codex
886 4475 985 4526 mtunt:
1013 4485 1037 4524 et
1053 4473 1076 4522 u
1093 4472 1170 4538 poclm
1187 4474 1222 4521 vi·

175 4553 228 4590 run
249 4551 330 4590 rotun
351 4541 439 4594 ordine.
481 4540 543 4602 Qun
563 4553 594 4593 est
617 4543 682 4592 stud
713 4541 791 4594 detur.
