<?xml version="1.0" encoding="UTF-8"?>
<!DOCTYPE html PUBLIC "-//W3C//DTD XHTML 1.0 Transitional//EN"
    "http://www.w3.org/TR/xhtml1/DTD/xhtml1-transitional.dtd">
<html xmlns="http://www.w3.org/1999/xhtml" xml:lang="en" lang="en">
 <head>
  <title>
</title>
<meta http-equiv="Content-Type" content="text/html;charset=utf-8" />
  <meta name='ocr-system' content='tesseract 3.04.00' />
  <meta name='ocr-capabilities' content='ocr_page ocr_carea ocr_par ocr_line ocrx_word'/>
</head>
<body>
  <div class='ocr_page' id='page_1' title='image "./tliviipatavinih03grongoog_0564.png"; bbox 0 0 3175 5200; ppageno 0'>
   <div class='ocr_carea' id='block_1_1' title="bbox 426 358 1039 448">
    <p class='ocr_par' dir='ltr' id='par_1_1' title="bbox 426 358 1039 448">
     <span class='ocr_line' id='line_1_1' title="bbox 426 358 1039 448; baseline -0.018 0"><span class='ocrx_word' id='word_1_1' title='bbox 426 385 483 448; x_wconf 65' lang='grc' dir='ltr'><strong>επ</strong></span> <span class='ocrx_word' id='word_1_2' title='bbox 828 358 1039 439; x_wconf 76' lang='lat' dir='ltr'><strong>nnomr</strong></span> 
     </span>
    </p>
   </div>
   <div class='ocr_carea' id='block_1_2' title="bbox 258 521 1543 4053">
    <p class='ocr_par' dir='ltr' id='par_1_2' title="bbox 258 521 1543 4053">
     <span class='ocr_line' id='line_1_2' title="bbox 258 521 1479 616; baseline -0.005 -21"><span class='ocrx_word' id='word_1_3' title='bbox 258 525 333 580; x_wconf 63' lang='grc' dir='ltr'><strong>Μ·</strong></span> <span class='ocrx_word' id='word_1_4' title='bbox 343 527 401 580; x_wconf 71' lang='lat'><strong>⁴⁴³·</strong></span> <span class='ocrx_word' id='word_1_5' title='bbox 419 527 488 612; x_wconf 80' lang='lat' dir='ltr'><strong>¹tus,</strong></span> <span class='ocrx_word' id='word_1_6' title='bbox 509 529 732 616; x_wconf 74' lang='lat' dir='ltr'><strong>inpeuauque,</strong></span> <span class='ocrx_word' id='word_1_7' title='bbox 753 541 789 592; x_wconf 90' lang='lat' dir='ltr'><strong>ut</strong></span> <span class='ocrx_word' id='word_1_8' title='bbox 810 543 980 611; x_wconf 86' lang='lat' dir='ltr'><strong>manerent,</strong></span> <span class='ocrx_word' id='word_1_9' title='bbox 1001 531 1116 608; x_wconf 64' lang='lat' dir='ltr'><strong>datum</strong></span> <span class='ocrx_word' id='word_1_10' title='bbox 1129 541 1167 592; x_wconf 86' lang='lat' dir='ltr'><strong>ot</strong></span> <span class='ocrx_word' id='word_1_11' title='bbox 1178 521 1316 591; x_wconf 87' lang='lat' dir='ltr'><strong>triduum</strong></span> <span class='ocrx_word' id='word_1_12' title='bbox 1331 534 1479 610; x_wconf 78' lang='lat' dir='ltr'><strong>quotan-</strong></span> 
     </span>
     <span class='ocr_line' id='line_1_3' title="bbox 260 591 1479 699; baseline -0.005 -18"><span class='ocrx_word' id='word_1_13' title='bbox 260 591 399 645; x_wconf 58' lang='lat' dir='ltr'><strong>M‘m‘</strong></span> <span class='ocrx_word' id='word_1_14' title='bbox 427 620 475 680; x_wconf 91' lang='lat' dir='ltr'><strong>nis</strong></span> <span class='ocrx_word' id='word_1_15' title='bbox 496 617 607 696; x_wconf 85' lang='lat' dir='ltr'><strong>ornati,</strong></span> <span class='ocrx_word' id='word_1_16' title='bbox 629 637 699 679; x_wconf 91' lang='lat' dir='ltr'><strong>cum</strong></span> <span class='ocrx_word' id='word_1_17' title='bbox 721 629 814 680; x_wconf 84' lang='lat' dir='ltr'><strong>centu</strong></span> <span class='ocrx_word' id='word_1_18' title='bbox 834 629 929 699; x_wconf 82' lang='lat' dir='ltr'><strong>etque</strong></span> <span class='ocrx_word' id='word_1_19' title='bbox 947 619 1016 695; x_wconf 88' lang='lat' dir='ltr'><strong>hac,</strong></span> <span class='ocrx_word' id='word_1_20' title='bbox 1038 638 1103 698; x_wconf 76' lang='lat' dir='ltr'><strong>qum</strong></span> <span class='ocrx_word' id='word_1_21' title='bbox 1122 637 1203 678; x_wconf 92' lang='lat' dir='ltr'><strong>nunc</strong></span> <span class='ocrx_word' id='word_1_22' title='bbox 1224 616 1392 678; x_wconf 86' lang='lat' dir='ltr'><strong>sollemnis</strong></span> <span class='ocrx_word' id='word_1_23' title='bbox 1415 628 1479 692; x_wconf 74' lang='lat' dir='ltr'><strong>eet,</strong></span> 
     </span>
     <span class='ocr_line' id='line_1_4' title="bbox 427 702 1480 786; baseline -0.005 -19"><span class='ocrx_word' id='word_1_24' title='bbox 427 705 553 767; x_wconf 81' lang='lat' dir='ltr'><strong>licentia</strong></span> <span class='ocrx_word' id='word_1_25' title='bbox 572 724 627 786; x_wconf 89' lang='lat' dir='ltr'><strong>per</strong></span> <span class='ocrx_word' id='word_1_26' title='bbox 647 703 752 765; x_wconf 89' lang='lat' dir='ltr'><strong>urbem</strong></span> <span class='ocrx_word' id='word_1_27' title='bbox 773 712 972 785; x_wconf 74' lang='lat' dir='ltr'><strong>rogarentur:</strong></span> <span class='ocrx_word' id='word_1_28' title='bbox 1001 705 1231 784; x_wconf 80' lang='lat' dir='ltr'><strong>restimtrrmque</strong></span> <span class='ocrx_word' id='word_1_29' title='bbox 1252 703 1285 762; x_wconf 89' lang='lat' dir='ltr'><strong>io</strong></span> <span class='ocrx_word' id='word_1_30' title='bbox 1306 702 1379 763; x_wconf 79' lang='lat' dir='ltr'><strong>cede</strong></span> <span class='ocrx_word' id='word_1_31' title='bbox 1402 721 1480 762; x_wconf 72' lang='lat' dir='ltr'><strong>vee-</strong></span> 
     </span>
     <span class='ocr_line' id='line_1_5' title="bbox 428 787 1476 874; baseline -0.003 -22"><span class='ocrx_word' id='word_1_32' title='bbox 428 789 519 852; x_wconf 90' lang='lat' dir='ltr'><strong>cendi</strong></span> <span class='ocrx_word' id='word_1_33' title='bbox 545 787 595 871; x_wconf 84' lang='lat' dir='ltr'><strong>jue</strong></span> <span class='ocrx_word' id='word_1_34' title='bbox 618 789 667 867; x_wconf 86' lang='lat' dir='ltr'><strong>iis,</strong></span> <span class='ocrx_word' id='word_1_35' title='bbox 689 789 740 870; x_wconf 91' lang='lat' dir='ltr'><strong>qui</strong></span> <span class='ocrx_word' id='word_1_36' title='bbox 770 791 862 851; x_wconf 85' lang='lat' dir='ltr'><strong>sacris</strong></span> <span class='ocrx_word' id='word_1_37' title='bbox 881 791 1090 874; x_wconf 78' lang='lat' dir='ltr'><strong>praecinerent</strong></span> <span class='ocrx_word' id='word_1_38' title='bbox 1132 787 1206 851; x_wconf 73' lang='lat' dir='ltr'><strong>Hac</strong></span> <span class='ocrx_word' id='word_1_39' title='bbox 1227 789 1309 851; x_wconf 87' lang='lat' dir='ltr'><strong>inter</strong></span> <span class='ocrx_word' id='word_1_40' title='bbox 1332 787 1476 850; x_wconf 86' lang='lat' dir='ltr'><strong>duorum</strong></span> 
     </span>
     <span class='ocr_line' id='line_1_6' title="bbox 430 875 1083 958; baseline 0 -20"><span class='ocrx_word' id='word_1_41' title='bbox 430 875 600 958; x_wconf 79' lang='lat' dir='ltr'><strong>ingentium</strong></span> <span class='ocrx_word' id='word_1_42' title='bbox 615 875 762 938; x_wconf 91' lang='lat' dir='ltr'><strong>bellorum</strong></span> <span class='ocrx_word' id='word_1_43' title='bbox 776 897 879 938; x_wconf 84' lang='lat' dir='ltr'><strong>curam</strong></span> <span class='ocrx_word' id='word_1_44' title='bbox 892 878 1083 958; x_wconf 69' lang='lat' dir='ltr'><strong>gerebantur.</strong></span> 
     </span>
     <span class='ocr_line' id='line_1_7' title="bbox 452 957 1477 1065; baseline -0.002 -41"><span class='ocrx_word' id='word_1_45' title='bbox 452 959 590 1064; x_wconf 36' lang='lat' dir='ltr'>&#39;XXXL</span> <span class='ocrx_word' id='word_1_46' title='bbox 607 960 756 1065; x_wconf 51' lang='lat' dir='ltr'><strong>§curules</strong></span> <span class='ocrx_word' id='word_1_47' title='bbox 776 961 856 1024; x_wconf 84' lang='lat' dir='ltr'><strong>inter</strong></span> <span class='ocrx_word' id='word_1_48' title='bbox 878 983 917 1024; x_wconf 88' lang='lat' dir='ltr'><strong>sc·</strong></span> <span class='ocrx_word' id='word_1_49' title='bbox 932 963 1100 1065; x_wconf 77' lang='lat' dir='ltr'><strong>provipcias</strong></span> <span class='ocrx_word' id='word_1_50' title='bbox 1114 962 1238 1044; x_wconf 83' lang='lat' dir='ltr'><strong>pertiti3</strong></span> <span class='ocrx_word' id='word_1_51' title='bbox 1253 959 1360 1062; x_wconf 28' lang='lat' dir='ltr'><strong>‘lunio</strong></span> <span class='ocrx_word' id='word_1_52' title='bbox 1376 957 1477 1022; x_wconf 75' lang='lat' dir='ltr'><strong>Sam·</strong></span> 
     </span>
     <span class='ocr_line' id='line_1_8' title="bbox 429 1044 1475 1217; baseline 0.003 -27.446"><span class='ocrx_word' id='word_1_53' title='bbox 429 1044 1475 1217; x_wconf 47' lang='lat' dir='ltr'><strong>effluerem</strong></span> 
     </span>
     <span class='ocr_line' id='line_1_9' title="bbox 429 1217 1472 1303; baseline -0.003 -20"><span class='ocrx_word' id='word_1_54' title='bbox 429 1220 510 1303; x_wconf 76' lang='lat' dir='ltr'><strong>copi,</strong></span> <span class='ocrx_word' id='word_1_55' title='bbox 531 1221 685 1282; x_wconf 85' lang='lat' dir='ltr'><strong>obsessum</strong></span> <span class='ocrx_word' id='word_1_56' title='bbox 707 1219 788 1283; x_wconf 85' lang='lat' dir='ltr'><strong>lame</strong></span> <span class='ocrx_word' id='word_1_57' title='bbox 820 1222 852 1283; x_wconf 94' lang='lat' dir='ltr'><strong>in</strong></span> <span class='ocrx_word' id='word_1_58' title='bbox 882 1221 1069 1283; x_wconf 89' lang='lat' dir='ltr'><strong>deditionem</strong></span> <span class='ocrx_word' id='word_1_59' title='bbox 1092 1231 1273 1303; x_wconf 79' lang='lat' dir='ltr'>acceperant</span> <span class='ocrx_word' id='word_1_60' title='bbox 1294 1217 1472 1295; x_wconf 74' lang='lat' dir='ltr'><strong>Samnites,</strong></span> 
     </span>
     <span class='ocr_line' id='line_1_10' title="bbox 427 1305 1477 1389; baseline -0.003 -20"><span class='ocrx_word' id='word_1_61' title='bbox 427 1306 656 1389; x_wconf 70' lang='lat' dir='ltr'><strong>verberibusque</strong></span> <span class='ocrx_word' id='word_1_62' title='bbox 671 1306 786 1368; x_wconf 81' lang='lat' dir='ltr'><strong>foednm</strong></span> <span class='ocrx_word' id='word_1_63' title='bbox 810 1308 842 1370; x_wconf 90' lang='lat' dir='ltr'><strong>in</strong></span> <span class='ocrx_word' id='word_1_64' title='bbox 864 1308 991 1369; x_wconf 89' lang='lat' dir='ltr'><strong>modum</strong></span> <span class='ocrx_word' id='word_1_65' title='bbox 1014 1307 1163 1369; x_wconf 79' lang='lat' dir='ltr'><strong>laceratos</strong></span> <span class='ocrx_word' id='word_1_66' title='bbox 1182 1307 1361 1368; x_wconf 87' lang='lat' dir='ltr'><strong>occiderent</strong></span> <span class='ocrx_word' id='word_1_67' title='bbox 1375 1305 1477 1366; x_wconf 60' lang='lat' dir='ltr'><strong>dedis</strong></span> 
     </span>
     <span class='ocr_line' id='line_1_11' title="bbox 427 1391 1472 1476; baseline -0.004 -20"><span class='ocrx_word' id='word_1_68' title='bbox 427 1405 487 1456; x_wconf 89' lang='lat' dir='ltr'><strong>tos.</strong></span> <span class='ocrx_word' id='word_1_69' title='bbox 538 1391 621 1455; x_wconf 83' lang='lat' dir='ltr'>Huic</span> <span class='ocrx_word' id='word_1_70' title='bbox 642 1393 777 1454; x_wconf 79' lang='lat' dir='ltr'><strong>infensus</strong></span> <span class='ocrx_word' id='word_1_71' title='bbox 798 1395 971 1456; x_wconf 83' lang='lat' dir='ltr'><strong>cmdelitsti</strong></span> <span class='ocrx_word' id='word_1_72' title='bbox 992 1392 1112 1471; x_wconf 80' lang='lat' dir='ltr'><strong>lunius,</strong></span> <span class='ocrx_word' id='word_1_73' title='bbox 1133 1393 1209 1454; x_wconf 82' lang='lat' dir='ltr'>nihil</span> <span class='ocrx_word' id='word_1_74' title='bbox 1231 1392 1388 1476; x_wconf 84' lang='lat' dir='ltr'><strong>antiquius</strong></span> <span class='ocrx_word' id='word_1_75' title='bbox 1410 1393 1472 1453; x_wconf 95' lang='lat' dir='ltr'><strong>ob-</strong></span> 
     </span>
     <span class='ocr_line' id='line_1_12' title="bbox 427 1477 1474 1564; baseline -0.005 -23"><span class='ocrx_word' id='word_1_76' title='bbox 427 1480 615 1564; x_wconf 72' lang='lat' dir='ltr'><strong>pugnatione</strong></span> <span class='ocrx_word' id='word_1_77' title='bbox 630 1477 776 1541; x_wconf 84' lang='lat' dir='ltr'><strong>Cluvisue</strong></span> <span class='ocrx_word' id='word_1_78' title='bbox 789 1492 883 1558; x_wconf 87' lang='lat' dir='ltr'><strong>ratus,</strong></span> <span class='ocrx_word' id='word_1_79' title='bbox 905 1479 1030 1562; x_wconf 86' lang='lat' dir='ltr'><strong>quodie</strong></span> <span class='ocrx_word' id='word_1_80' title='bbox 1045 1480 1204 1561; x_wconf 82' lang='lat' dir='ltr'><strong>adgressus</strong></span> <span class='ocrx_word' id='word_1_81' title='bbox 1224 1489 1273 1540; x_wconf 89' lang='lat' dir='ltr'><strong>est</strong></span> <span class='ocrx_word' id='word_1_82' title='bbox 1293 1479 1423 1555; x_wconf 72' lang='lat' dir='ltr'><strong>menia,</strong></span> <span class='ocrx_word' id='word_1_83' title='bbox 1438 1478 1474 1536; x_wconf 83' lang='lat' dir='ltr'><strong>vi</strong></span> 
     </span>
     <span class='ocr_line' id='line_1_13' title="bbox 426 1564 1473 1649; baseline -0.004 -21"><span class='ocrx_word' id='word_1_84' title='bbox 426 1567 520 1649; x_wconf 87' lang='lat' dir='ltr'><strong>cepit,</strong></span> <span class='ocrx_word' id='word_1_85' title='bbox 536 1577 628 1648; x_wconf 84' lang='lat' dir='ltr'><strong>atque</strong></span> <span class='ocrx_word' id='word_1_86' title='bbox 642 1587 748 1628; x_wconf 85' lang='lat' dir='ltr'><strong>ornnes</strong></span> <span class='ocrx_word' id='word_1_87' title='bbox 762 1567 891 1648; x_wconf 80' lang='lat' dir='ltr'>puberes</span> <span class='ocrx_word' id='word_1_88' title='bbox 905 1565 1068 1630; x_wconf 78' lang='lat' dir='ltr'><strong>interfecit.</strong></span> <span class='ocrx_word' id='word_1_89' title='bbox 1111 1564 1187 1626; x_wconf 86' lang='lat' dir='ltr'><strong>lude</strong></span> <span class='ocrx_word' id='word_1_90' title='bbox 1199 1565 1298 1628; x_wconf 84' lang='lat' dir='ltr'><strong>victor</strong></span> <span class='ocrx_word' id='word_1_91' title='bbox 1308 1564 1473 1627; x_wconf 80' lang='lat' dir='ltr'><strong>exercitus</strong></span> 
     </span>
     <span class='ocr_line' id='line_1_14' title="bbox 425 1649 1473 1736; baseline -0.003 -21"><span class='ocrx_word' id='word_1_92' title='bbox 425 1651 595 1716; x_wconf 74' lang='lat' dir='ltr'><strong>Bovianum</strong></span> <span class='ocrx_word' id='word_1_93' title='bbox 617 1653 736 1714; x_wconf 75' lang='lat' dir='ltr'><strong>ductu.</strong></span> <span class='ocrx_word' id='word_1_94' title='bbox 763 1664 858 1736; x_wconf 90' lang='lat' dir='ltr'><strong>caput</strong></span> <span class='ocrx_word' id='word_1_95' title='bbox 880 1653 939 1714; x_wconf 88' lang='lat' dir='ltr'><strong>hoc</strong></span> <span class='ocrx_word' id='word_1_96' title='bbox 969 1664 1035 1714; x_wconf 86' lang='lat' dir='ltr'><strong>erat</strong></span> <span class='ocrx_word' id='word_1_97' title='bbox 1062 1650 1239 1714; x_wconf 82' lang='lat' dir='ltr'><strong>Pentrorum</strong></span> <span class='ocrx_word' id='word_1_98' title='bbox 1264 1649 1473 1725; x_wconf 76' lang='lat' dir='ltr'><strong>Samnitium,</strong></span> 
     </span>
     <span class='ocr_line' id='line_1_15' title="bbox 424 1737 1472 1822; baseline -0.003 -22"><span class='ocrx_word' id='word_1_99' title='bbox 424 1739 517 1822; x_wconf 79' lang='lat' dir='ltr'><strong>longe</strong></span> <span class='ocrx_word' id='word_1_100' title='bbox 552 1737 732 1801; x_wconf 85' lang='lat' dir='ltr'><strong>ditissimum</strong></span> <span class='ocrx_word' id='word_1_101' title='bbox 769 1751 863 1820; x_wconf 81' lang='lat' dir='ltr'><strong>etque</strong></span> <span class='ocrx_word' id='word_1_102' title='bbox 897 1739 1160 1822; x_wconf 84' lang='lat' dir='ltr'><strong>opulentissimum</strong></span> <span class='ocrx_word' id='word_1_103' title='bbox 1195 1738 1283 1799; x_wconf 87' lang='lat' dir='ltr'><strong>ermis</strong></span> <span class='ocrx_word' id='word_1_104' title='bbox 1314 1737 1472 1816; x_wconf 76' lang='lat' dir='ltr'><strong>virisque.</strong></span> 
     </span>
     <span class='ocr_line' id='line_1_16' title="bbox 423 1822 1467 1908; baseline -0.007 -21"><span class='ocrx_word' id='word_1_105' title='bbox 423 1825 505 1887; x_wconf 82' lang='lat' dir='ltr'><strong>”lbi</strong></span> <span class='ocrx_word' id='word_1_106' title='bbox 532 1827 603 1908; x_wconf 86' lang='lat' dir='ltr'><strong>quia</strong></span> <span class='ocrx_word' id='word_1_107' title='bbox 628 1826 711 1887; x_wconf 89' lang='lat' dir='ltr'><strong>haud</strong></span> <span class='ocrx_word' id='word_1_108' title='bbox 732 1835 854 1888; x_wconf 87' lang='lat' dir='ltr'><strong>tuntum</strong></span> <span class='ocrx_word' id='word_1_109' title='bbox 876 1825 989 1886; x_wconf 88' lang='lat' dir='ltr'><strong>irarum</strong></span> <span class='ocrx_word' id='word_1_110' title='bbox 1017 1836 1093 1903; x_wconf 82' lang='lat' dir='ltr'><strong>erat,</strong></span> <span class='ocrx_word' id='word_1_111' title='bbox 1123 1845 1177 1907; x_wconf 91' lang='lat' dir='ltr'><strong>spe</strong></span> <span class='ocrx_word' id='word_1_112' title='bbox 1204 1823 1304 1905; x_wconf 73' lang='lat' dir='ltr'><strong>prodar</strong></span> <span class='ocrx_word' id='word_1_113' title='bbox 1336 1822 1467 1882; x_wconf 76' lang='lat' dir='ltr'><strong>milites</strong></span> 
     </span>
     <span class='ocr_line' id='line_1_17' title="bbox 422 1908 1466 1996; baseline -0.007 -22"><span class='ocrx_word' id='word_1_114' title='bbox 422 1911 554 1991; x_wconf 75' lang='lat' dir='ltr'><strong>accensi,</strong></span> <span class='ocrx_word' id='word_1_115' title='bbox 574 1912 688 1996; x_wconf 93' lang='lat' dir='ltr'><strong>oppido</strong></span> <span class='ocrx_word' id='word_1_116' title='bbox 710 1911 876 1994; x_wconf 88' lang='lat' dir='ltr'><strong>potiuntur.</strong></span> <span class='ocrx_word' id='word_1_117' title='bbox 901 1912 1002 1973; x_wconf 89' lang='lat' dir='ltr'><strong>minus</strong></span> <span class='ocrx_word' id='word_1_118' title='bbox 1022 1913 1124 1991; x_wconf 86' lang='lat' dir='ltr'><strong>itaque</strong></span> <span class='ocrx_word' id='word_1_119' title='bbox 1145 1910 1272 1972; x_wconf 72' lang='lat' dir='ltr'><strong>sevirum</strong></span> <span class='ocrx_word' id='word_1_120' title='bbox 1289 1909 1321 1969; x_wconf 91' lang='lat' dir='ltr'><strong>in</strong></span> <span class='ocrx_word' id='word_1_121' title='bbox 1342 1908 1466 1968; x_wconf 82' lang='lat' dir='ltr'><strong>hostes</strong></span> 
     </span>
     <span class='ocr_line' id='line_1_18' title="bbox 423 1995 1467 2082; baseline -0.006 -23"><span class='ocrx_word' id='word_1_122' title='bbox 423 2009 470 2060; x_wconf 86' lang='lat' dir='ltr'><strong>est</strong></span> <span class='ocrx_word' id='word_1_123' title='bbox 479 2021 496 2059; x_wconf 83' lang='lat' dir='ltr'><strong>r</strong></span> <span class='ocrx_word' id='word_1_124' title='bbox 522 1999 630 2082; x_wconf 80' lang='lat' dir='ltr'><strong>praedre</strong></span> <span class='ocrx_word' id='word_1_125' title='bbox 652 1998 720 2082; x_wconf 86' lang='lat' dir='ltr'><strong>plus</strong></span> <span class='ocrx_word' id='word_1_126' title='bbox 743 2017 833 2080; x_wconf 87' lang='lat' dir='ltr'><strong>pene,</strong></span> <span class='ocrx_word' id='word_1_127' title='bbox 855 2019 947 2081; x_wconf 84' lang='lat' dir='ltr'><strong>quum</strong></span> <span class='ocrx_word' id='word_1_128' title='bbox 974 2019 1013 2060; x_wconf 84' lang='lat' dir='ltr'><strong>ex</strong></span> <span class='ocrx_word' id='word_1_129' title='bbox 1039 1997 1123 2058; x_wconf 90' lang='lat' dir='ltr'><strong>omni</strong></span> <span class='ocrx_word' id='word_1_130' title='bbox 1150 1995 1272 2058; x_wconf 87' lang='lat' dir='ltr'><strong>Samnio</strong></span> <span class='ocrx_word' id='word_1_131' title='bbox 1295 2004 1467 2073; x_wconf 82' lang='lat' dir='ltr'><strong>umquam,</strong></span> 
     </span>
     <span class='ocr_line' id='line_1_19' title="bbox 422 2079 1466 2166; baseline -0.007 -21"><span class='ocrx_word' id='word_1_132' title='bbox 422 2094 570 2165; x_wconf 83' lang='lat' dir='ltr'><strong>egestum,</strong></span> <span class='ocrx_word' id='word_1_133' title='bbox 595 2084 793 2166; x_wconf 82' lang='lat' dir='ltr'><strong>benigneque·</strong></span> <span class='ocrx_word' id='word_1_134' title='bbox 808 2086 907 2145; x_wconf 88' lang='lat' dir='ltr'><strong>omnis</strong></span> <span class='ocrx_word' id='word_1_135' title='bbox 929 2084 1020 2145; x_wconf 89' lang='lat' dir='ltr'><strong>militi</strong></span> <span class='ocrx_word' id='word_1_136' title='bbox 1037 2103 1191 2145; x_wconf 86' lang='lat' dir='ltr'><strong>concessa.</strong></span> <span class='ocrx_word' id='word_1_137' title='bbox 1222 2079 1273 2142; x_wconf 72' lang='lat' dir='ltr'><strong>Et</strong></span> <span class='ocrx_word' id='word_1_138' title='bbox 1293 2091 1466 2162; x_wconf 78' lang='lat' dir='ltr'><strong>postquam</strong></span> 
     </span>
     <span class='ocr_line' id='line_1_20' title="bbox 422 2165 1466 2254; baseline -0.01 -21"><span class='ocrx_word' id='word_1_139' title='bbox 422 2179 642 2254; x_wconf 75' lang='lat' dir='ltr'><strong>prepotentem</strong></span> <span class='ocrx_word' id='word_1_140' title='bbox 658 2171 749 2230; x_wconf 81' lang='lat' dir='ltr'><strong>armis</strong></span> <span class='ocrx_word' id='word_1_141' title='bbox 766 2170 938 2231; x_wconf 84' lang='lat' dir='ltr'><strong>Romanum</strong></span> <span class='ocrx_word' id='word_1_142' title='bbox 954 2191 1011 2230; x_wconf 89' lang='lat' dir='ltr'><strong>nec</strong></span> <span class='ocrx_word' id='word_1_143' title='bbox 1026 2170 1106 2230; x_wconf 86' lang='lat' dir='ltr'><strong>acies</strong></span> <span class='ocrx_word' id='word_1_144' title='bbox 1122 2169 1285 2230; x_wconf 73' lang='lat' dir='ltr'><strong>subsistere</strong></span> <span class='ocrx_word' id='word_1_145' title='bbox 1302 2165 1381 2241; x_wconf 79' lang='lat' dir='ltr'><strong>ulle,</strong></span> <span class='ocrx_word' id='word_1_146' title='bbox 1403 2185 1466 2224; x_wconf 87' lang='lat' dir='ltr'><strong>nec</strong></span> 
     </span>
     <span class='ocr_line' id='line_1_21' title="bbox 422 2249 1465 2338; baseline -0.007 -22"><span class='ocrx_word' id='word_1_147' title='bbox 422 2267 533 2334; x_wconf 75' lang='lat' dir='ltr'><strong>casua,</strong></span> <span class='ocrx_word' id='word_1_148' title='bbox 557 2275 623 2317; x_wconf 87' lang='lat' dir='ltr'><strong>nec·</strong></span> <span class='ocrx_word' id='word_1_149' title='bbox 634 2256 723 2316; x_wconf 87' lang='lat' dir='ltr'><strong>urbes</strong></span> <span class='ocrx_word' id='word_1_150' title='bbox 744 2267 909 2338; x_wconf 83' lang='lat' dir='ltr'><strong>poterant3</strong></span> <span class='ocrx_word' id='word_1_151' title='bbox 932 2257 1068 2317; x_wconf 89' lang='lat' dir='ltr'><strong>omnium</strong></span> <span class='ocrx_word' id='word_1_152' title='bbox 1087 2255 1259 2337; x_wconf 87' lang='lat' dir='ltr'><strong>principum</strong></span> <span class='ocrx_word' id='word_1_153' title='bbox 1283 2252 1316 2312; x_wconf 91' lang='lat' dir='ltr'><strong>in</strong></span> <span class='ocrx_word' id='word_1_154' title='bbox 1331 2249 1465 2311; x_wconf 84' lang='lat' dir='ltr'><strong>Samnio</strong></span> 
     </span>
     <span class='ocr_line' id='line_1_22' title="bbox 422 2337 1463 2422; baseline -0.007 -19"><span class='ocrx_word' id='word_1_155' title='bbox 422 2361 461 2403; x_wconf 93' lang='lat' dir='ltr'><strong>eo</strong></span> <span class='ocrx_word' id='word_1_156' title='bbox 476 2362 554 2404; x_wconf 82' lang='lat' dir='ltr'><strong>curae</strong></span> <span class='ocrx_word' id='word_1_157' title='bbox 569 2353 642 2404; x_wconf 82' lang='lat' dir='ltr'><strong>sunt</strong></span> <span class='ocrx_word' id='word_1_158' title='bbox 657 2342 792 2421; x_wconf 76' lang='lat' dir='ltr'><strong>intente,</strong></span> <span class='ocrx_word' id='word_1_159' title='bbox 812 2357 849 2402; x_wconf 87' lang='lat' dir='ltr'><strong>nt</strong></span> <span class='ocrx_word' id='word_1_160' title='bbox 871 2342 989 2403; x_wconf 74' lang='lat' dir='ltr'><strong>insidiis</strong></span> <span class='ocrx_word' id='word_1_161' title='bbox 1009 2354 1188 2422; x_wconf 79' lang='lat' dir='ltr'><strong>quareretur</strong></span> <span class='ocrx_word' id='word_1_162' title='bbox 1207 2339 1303 2414; x_wconf 87' lang='lat' dir='ltr'><strong>locus,</strong></span> <span class='ocrx_word' id='word_1_163' title='bbox 1317 2337 1382 2397; x_wconf 77' lang='lat' dir='ltr'><strong>“si</strong></span> <span class='ocrx_word' id='word_1_164' title='bbox 1399 2357 1463 2417; x_wconf 86' lang='lat' dir='ltr'><strong>qua</strong></span> 
     </span>
     <span class='ocr_line' id='line_1_23' title="bbox 422 2422 1463 2510; baseline -0.006 -22"><span class='ocrx_word' id='word_1_165' title='bbox 422 2426 547 2491; x_wconf 83' lang='lat' dir='ltr'><strong>licentis</strong></span> <span class='ocrx_word' id='word_1_166' title='bbox 564 2427 739 2510; x_wconf 86' lang='lat' dir='ltr'><strong>populando</strong></span> <span class='ocrx_word' id='word_1_167' title='bbox 763 2428 874 2489; x_wconf 84' lang='lat' dir='ltr'><strong>effusus</strong></span> <span class='ocrx_word' id='word_1_168' title='bbox 899 2428 1049 2488; x_wconf 82' lang='lat' dir='ltr'><strong>exercitus</strong></span> <span class='ocrx_word' id='word_1_169' title='bbox 1073 2427 1172 2507; x_wconf 85' lang='lat' dir='ltr'><strong>excipi</strong></span> <span class='ocrx_word' id='word_1_170' title='bbox 1193 2445 1230 2486; x_wconf 82' lang='lat' dir='ltr'><strong>ec</strong></span> <span class='ocrx_word' id='word_1_171' title='bbox 1248 2422 1463 2486; x_wconf 76' lang='lat' dir='ltr'><strong>circumveniri</strong></span> 
     </span>
     <span class='ocr_line' id='line_1_24' title="bbox 419 2508 1464 2595; baseline -0.007 -20"><span class='ocrx_word' id='word_1_172' title='bbox 419 2508 535 2595; x_wconf 82' lang='lat' dir='ltr'><strong>posset.</strong></span> <span class='ocrx_word' id='word_1_173' title='bbox 578 2511 755 2594; x_wconf 83' lang='lat' dir='ltr'><strong>Transfirgae</strong></span> <span class='ocrx_word' id='word_1_174' title='bbox 779 2523 912 2594; x_wconf 73' lang='lat' dir='ltr'><strong>agrestes</strong></span> <span class='ocrx_word' id='word_1_175' title='bbox 938 2525 970 2574; x_wconf 88' lang='lat' dir='ltr'><strong>et</strong></span> <span class='ocrx_word' id='word_1_176' title='bbox 993 2513 1103 2593; x_wconf 85' lang='lat' dir='ltr'><strong>captivi</strong></span> <span class='ocrx_word' id='word_1_177' title='bbox 1127 2511 1264 2591; x_wconf 88' lang='lat' dir='ltr'><strong>quidam,</strong></span> <span class='ocrx_word' id='word_1_178' title='bbox 1283 2529 1357 2592; x_wconf 85' lang='lat' dir='ltr'><strong>pars</strong></span> <span class='ocrx_word' id='word_1_179' title='bbox 1371 2509 1464 2583; x_wconf 80' lang='lat' dir='ltr'><strong>forte,</strong></span> 
     </span>
     <span class='ocr_line' id='line_1_25' title="bbox 418 2595 1463 2680; baseline -0.002 -21"><span class='ocrx_word' id='word_1_180' title='bbox 418 2620 489 2680; x_wconf 77' lang='lat' dir='ltr'><strong>pers</strong></span> <span class='ocrx_word' id='word_1_181' title='bbox 516 2597 642 2659; x_wconf 84' lang='lat' dir='ltr'><strong>oonsilio</strong></span> <span class='ocrx_word' id='word_1_182' title='bbox 669 2598 776 2676; x_wconf 87' lang='lat' dir='ltr'><strong>oblati,</strong></span> <span class='ocrx_word' id='word_1_183' title='bbox 806 2598 1005 2679; x_wconf 76' lang='lat' dir='ltr'><strong>congruentia</strong></span> <span class='ocrx_word' id='word_1_184' title='bbox 1030 2597 1069 2658; x_wconf 85' lang='lat' dir='ltr'><strong>ad</strong></span> <span class='ocrx_word' id='word_1_185' title='bbox 1095 2597 1251 2659; x_wconf 86' lang='lat' dir='ltr'><strong>consulem</strong></span> <span class='ocrx_word' id='word_1_186' title='bbox 1278 2595 1463 2671; x_wconf 74' lang='lat' dir='ltr'><strong>adferentes,</strong></span> 
     </span>
     <span class='ocr_line' id='line_1_26' title="bbox 419 2682 1464 2850; baseline 0.002 -21"><span class='ocrx_word' id='word_1_187' title='bbox 419 2684 1198 2850; x_wconf 56' lang='lat' dir='ltr'><strong>ttpttffltffizltmrlffitel</strong></span> <span class='ocrx_word' id='word_1_188' title='bbox 1223 2682 1464 2850; x_wconf 51' lang='grc' dir='ltr'><strong>Ἢιὲὲῗ</strong></span> 
     </span>
     <span class='ocr_line' id='line_1_27' title="bbox 700 2811 710 2843; baseline 0 0"><span class='ocrx_word' id='word_1_189' title='bbox 700 2811 710 2843; x_wconf 78' lang='lat'><em>2</em></span> 
     </span>
     <span class='ocr_line' id='line_1_28' title="bbox 419 2852 1464 2934; baseline 0.001 -19"><span class='ocrx_word' id='word_1_190' title='bbox 419 2854 599 2915; x_wconf 88' lang='lat' dir='ltr'><strong>ducerentur</strong></span> <span class='ocrx_word' id='word_1_191' title='bbox 622 2852 767 2933; x_wconf 86' lang='lat' dir='ltr'><strong>legiones.</strong></span> <span class='ocrx_word' id='word_1_192' title='bbox 811 2853 856 2915; x_wconf 90' lang='lat' dir='ltr'><strong>lbi</strong></span> <span class='ocrx_word' id='word_1_193' title='bbox 879 2854 987 2934; x_wconf 83' lang='lat' dir='ltr'><strong>ingens</strong></span> <span class='ocrx_word' id='word_1_194' title='bbox 1011 2854 1145 2915; x_wconf 89' lang='lat' dir='ltr'><strong>hostium</strong></span> <span class='ocrx_word' id='word_1_195' title='bbox 1167 2854 1323 2916; x_wconf 84' lang='lat' dir='ltr'><strong>exercitus</strong></span> <span class='ocrx_word' id='word_1_196' title='bbox 1349 2855 1464 2916; x_wconf 85' lang='lat' dir='ltr'><strong>itinera</strong></span> 
     </span>
     <span class='ocr_line' id='line_1_29' title="bbox 418 2938 1462 3021; baseline -0.002 -20"><span class='ocrx_word' id='word_1_197' title='bbox 418 2939 555 3001; x_wconf 87' lang='lat' dir='ltr'><strong>occultus</strong></span> <span class='ocrx_word' id='word_1_198' title='bbox 579 2938 742 3017; x_wconf 81' lang='lat' dir='ltr'><strong>insederat,</strong></span> <span class='ocrx_word' id='word_1_199' title='bbox 770 2948 811 3016; x_wconf 89' lang='lat' dir='ltr'><strong>et,</strong></span> <span class='ocrx_word' id='word_1_200' title='bbox 845 2952 1007 3021; x_wconf 67' lang='lat' dir='ltr'><strong>posternam</strong></span> <span class='ocrx_word' id='word_1_201' title='bbox 1036 2939 1165 3001; x_wconf 85' lang='lat' dir='ltr'><strong>intrasse</strong></span> <span class='ocrx_word' id='word_1_202' title='bbox 1194 2939 1356 3001; x_wconf 85' lang='lat' dir='ltr'><strong>Romanos</strong></span> <span class='ocrx_word' id='word_1_203' title='bbox 1382 2940 1462 3000; x_wconf 78' lang='lat' dir='ltr'><strong>vidit</strong></span> 
     </span>
     <span class='ocr_line' id='line_1_30' title="bbox 420 3019 1543 3108; baseline -0.002 -21"><span class='ocrx_word' id='word_1_204' title='bbox 420 3026 542 3104; x_wconf 88' lang='lat' dir='ltr'><strong>saltum,</strong></span> <span class='ocrx_word' id='word_1_205' title='bbox 565 3036 689 3108; x_wconf 84' lang='lat' dir='ltr'><strong>repente</strong></span> <span class='ocrx_word' id='word_1_206' title='bbox 711 3036 835 3087; x_wconf 83' lang='lat' dir='ltr'><strong>exortus</strong></span> <span class='ocrx_word' id='word_1_207' title='bbox 855 3046 925 3087; x_wconf 89' lang='lat' dir='ltr'><strong>cum</strong></span> <span class='ocrx_word' id='word_1_208' title='bbox 946 3026 1079 3087; x_wconf 85' lang='lat' dir='ltr'><strong>clamore</strong></span> <span class='ocrx_word' id='word_1_209' title='bbox 1104 3046 1140 3087; x_wconf 85' lang='lat' dir='ltr'><strong>ac</strong></span> <span class='ocrx_word' id='word_1_210' title='bbox 1160 3027 1294 3088; x_wconf 88' lang='lat' dir='ltr'><strong>tumultu</strong></span> <span class='ocrx_word' id='word_1_211' title='bbox 1316 3028 1461 3087; x_wconf 77' lang='lat' dir='ltr'><strong>incautos</strong></span> <span class='ocrx_word' id='word_1_212' title='bbox 1541 3019 1543 3047; x_wconf 55' lang='lat'><em>¹</em></span> 
     </span>
     <span class='ocr_line' id='line_1_31' title="bbox 420 3110 1463 3195; baseline 0.002 -23"><span class='ocrx_word' id='word_1_213' title='bbox 420 3112 546 3175; x_wconf 79' lang='lat' dir='ltr'><strong>invadit.</strong></span> <span class='ocrx_word' id='word_1_214' title='bbox 589 3110 631 3173; x_wconf 80' lang='lat' dir='ltr'><strong>Et</strong></span> <span class='ocrx_word' id='word_1_215' title='bbox 652 3110 750 3193; x_wconf 86' lang='lat' dir='ltr'><strong>primo</strong></span> <span class='ocrx_word' id='word_1_216' title='bbox 764 3132 844 3173; x_wconf 81' lang='lat' dir='ltr'><strong>nove</strong></span> <span class='ocrx_word' id='word_1_217' title='bbox 858 3133 904 3173; x_wconf 87' lang='lat' dir='ltr'><strong>res</strong></span> <span class='ocrx_word' id='word_1_218' title='bbox 926 3111 1163 3195; x_wconf 81' lang='lat' dir='ltr'><strong>trepidationem</strong></span> <span class='ocrx_word' id='word_1_219' title='bbox 1180 3112 1266 3189; x_wconf 83' lang='lat' dir='ltr'><strong>lecit,</strong></span> <span class='ocrx_word' id='word_1_220' title='bbox 1284 3112 1359 3174; x_wconf 92' lang='lat' dir='ltr'><strong>dum</strong></span> <span class='ocrx_word' id='word_1_221' title='bbox 1374 3132 1463 3173; x_wconf 74' lang='lat' dir='ltr'><strong>arm</strong></span> 
     </span>
     <span class='ocr_line' id='line_1_32' title="bbox 421 3196 1464 3280; baseline -0.003 -20"><span class='ocrx_word' id='word_1_222' title='bbox 421 3199 557 3280; x_wconf 83' lang='lat' dir='ltr'><strong>capiunt,</strong></span> <span class='ocrx_word' id='word_1_223' title='bbox 571 3198 703 3259; x_wconf 86' lang='lat' dir='ltr'><strong>sarcinas</strong></span> <span class='ocrx_word' id='word_1_224' title='bbox 724 3208 893 3279; x_wconf 84' lang='lat' dir='ltr'><strong>congerunt</strong></span> <span class='ocrx_word' id='word_1_225' title='bbox 906 3198 939 3259; x_wconf 92' lang='lat' dir='ltr'><strong>in</strong></span> <span class='ocrx_word' id='word_1_226' title='bbox 950 3197 1105 3260; x_wconf 83' lang='lat' dir='ltr'><strong>medium:</strong></span> <span class='ocrx_word' id='word_1_227' title='bbox 1131 3196 1213 3275; x_wconf 87' lang='lat' dir='ltr'><strong>dein,</strong></span> <span class='ocrx_word' id='word_1_228' title='bbox 1228 3210 1404 3280; x_wconf 83' lang='lat' dir='ltr'><strong>postquam,</strong></span> <span class='ocrx_word' id='word_1_229' title='bbox 1426 3206 1464 3257; x_wconf 88' lang='lat' dir='ltr'><strong>ut</strong></span> 
     </span>
     <span class='ocr_line' id='line_1_33' title="bbox 421 3271 1542 3367; baseline 0 -22"><span class='ocrx_word' id='word_1_230' title='bbox 421 3285 546 3367; x_wconf 90' lang='lat' dir='ltr'><strong>quisque</strong></span> <span class='ocrx_word' id='word_1_231' title='bbox 568 3284 748 3349; x_wconf 83' lang='lat' dir='ltr'><strong>liberaverat</strong></span> <span class='ocrx_word' id='word_1_232' title='bbox 768 3304 801 3345; x_wconf 83' lang='lat' dir='ltr'><strong>se</strong></span> <span class='ocrx_word' id='word_1_233' title='bbox 822 3304 925 3363; x_wconf 79' lang='lat' dir='ltr'><strong>onere,</strong></span> <span class='ocrx_word' id='word_1_234' title='bbox 947 3295 1162 3366; x_wconf 79' lang='lat' dir='ltr'><strong>aptaveratque</strong></span> <span class='ocrx_word' id='word_1_235' title='bbox 1183 3284 1285 3362; x_wconf 87' lang='lat' dir='ltr'><strong>armis,</strong></span> <span class='ocrx_word' id='word_1_236' title='bbox 1305 3283 1347 3345; x_wconf 83' lang='lat' dir='ltr'><strong>ud</strong></span> <span class='ocrx_word' id='word_1_237' title='bbox 1369 3284 1463 3364; x_wconf 74' lang='lat' dir='ltr'><strong>signa</strong></span> <span class='ocrx_word' id='word_1_238' title='bbox 1541 3271 1542 3310; x_wconf 41' lang='lat' dir='ltr'><strong>i</strong></span> 
     </span>
     <span class='ocr_line' id='line_1_34' title="bbox 420 3369 1464 3452; baseline -0.001 -21"><span class='ocrx_word' id='word_1_239' title='bbox 420 3370 553 3451; x_wconf 90' lang='lat' dir='ltr'><strong>undique</strong></span> <span class='ocrx_word' id='word_1_240' title='bbox 584 3371 720 3447; x_wconf 81' lang='lat' dir='ltr'><strong>coibunt,</strong></span> <span class='ocrx_word' id='word_1_241' title='bbox 754 3381 787 3432; x_wconf 89' lang='lat' dir='ltr'><strong>et</strong></span> <span class='ocrx_word' id='word_1_242' title='bbox 819 3370 900 3431; x_wconf 86' lang='lat' dir='ltr'><strong>notis</strong></span> <span class='ocrx_word' id='word_1_243' title='bbox 930 3369 1086 3431; x_wconf 75' lang='lat' dir='ltr'><strong>ordinibus</strong></span> <span class='ocrx_word' id='word_1_244' title='bbox 1115 3370 1157 3431; x_wconf 88' lang='lat' dir='ltr'><strong>io-</strong></span> <span class='ocrx_word' id='word_1_245' title='bbox 1174 3382 1276 3431; x_wconf 86' lang='lat' dir='ltr'><strong>vetere</strong></span> <span class='ocrx_word' id='word_1_246' title='bbox 1296 3369 1464 3452; x_wconf 83' lang='lat' dir='ltr'><strong>disciplina</strong></span> 
     </span>
     <span class='ocr_line' id='line_1_35' title="bbox 418 3454 1461 3539; baseline -0.001 -23"><span class='ocrx_word' id='word_1_247' title='bbox 418 3455 545 3533; x_wconf 79' lang='lat' dir='ltr'><strong>militiae,</strong></span> <span class='ocrx_word' id='word_1_248' title='bbox 572 3454 640 3535; x_wconf 86' lang='lat' dir='ltr'><strong>jam</strong></span> <span class='ocrx_word' id='word_1_249' title='bbox 670 3456 735 3516; x_wconf 89' lang='lat' dir='ltr'><strong>sine</strong></span> <span class='ocrx_word' id='word_1_250' title='bbox 765 3466 917 3539; x_wconf 70' lang='lat' dir='ltr'><strong>praecepto</strong></span> <span class='ocrx_word' id='word_1_251' title='bbox 947 3454 1036 3517; x_wconf 85' lang='lat' dir='ltr'><strong>ullius</strong></span> <span class='ocrx_word' id='word_1_252' title='bbox 1066 3474 1122 3517; x_wconf 86' lang='lat' dir='ltr'><strong>sua</strong></span> <span class='ocrx_word' id='word_1_253' title='bbox 1153 3466 1262 3539; x_wconf 85' lang='lat' dir='ltr'><strong>sponte</strong></span> <span class='ocrx_word' id='word_1_254' title='bbox 1283 3456 1461 3517; x_wconf 80' lang='lat' dir='ltr'><strong>struebatur</strong></span> 
     </span>
     <span class='ocr_line' id='line_1_36' title="bbox 418 3540 1462 3624; baseline 0.001 -23"><span class='ocrx_word' id='word_1_255' title='bbox 418 3540 510 3619; x_wconf 85' lang='lat' dir='ltr'><strong>scies,</strong></span> <span class='ocrx_word' id='word_1_256' title='bbox 532 3540 648 3618; x_wconf 87' lang='lat' dir='ltr'><strong>consul,</strong></span> <span class='ocrx_word' id='word_1_257' title='bbox 670 3540 711 3601; x_wconf 85' lang='lat' dir='ltr'><strong>cd</strong></span> <span class='ocrx_word' id='word_1_258' title='bbox 733 3541 900 3623; x_wconf 79' lang='lat' dir='ltr'><strong>ancipitem</strong></span> <span class='ocrx_word' id='word_1_259' title='bbox 921 3542 1053 3603; x_wconf 82' lang='lat' dir='ltr'><strong>maxime</strong></span> <span class='ocrx_word' id='word_1_260' title='bbox 1074 3562 1208 3624; x_wconf 86' lang='lat' dir='ltr'><strong>pugnum</strong></span> <span class='ocrx_word' id='word_1_261' title='bbox 1229 3540 1382 3618; x_wconf 83' lang='lat' dir='ltr'><strong>advectus,</strong></span> <span class='ocrx_word' id='word_1_262' title='bbox 1399 3541 1462 3601; x_wconf 90' lang='lat' dir='ltr'><strong>de·</strong></span> 
     </span>
     <span class='ocr_line' id='line_1_37' title="bbox 419 3624 1463 3714; baseline 0 -27"><span class='ocrx_word' id='word_1_263' title='bbox 419 3624 542 3687; x_wconf 76' lang='lat' dir='ltr'><strong>uiliter</strong></span> <span class='ocrx_word' id='word_1_264' title='bbox 564 3646 652 3707; x_wconf 90' lang='lat' dir='ltr'><strong>equo,</strong></span> <span class='ocrx_word' id='word_1_265' title='bbox 684 3636 716 3686; x_wconf 89' lang='lat' dir='ltr'><strong>et</strong></span> <span class='ocrx_word' id='word_1_266' title='bbox 744 3624 865 3714; x_wconf 66' lang='lat' dir='ltr'><strong>Jorem,</strong></span> <span class='ocrx_word' id='word_1_267' title='bbox 892 3626 1088 3709; x_wconf 87' lang='lat' dir='ltr'><strong>Martemque</strong></span> <span class='ocrx_word' id='word_1_268' title='bbox 1117 3639 1208 3709; x_wconf 82' lang='lat' dir='ltr'><strong>utque</strong></span> <span class='ocrx_word' id='word_1_269' title='bbox 1229 3628 1305 3690; x_wconf 86' lang='lat' dir='ltr'><strong>elios</strong></span> <span class='ocrx_word' id='word_1_270' title='bbox 1324 3636 1463 3688; x_wconf 74' lang='lat' dir='ltr'><strong>testetur</strong></span> 
     </span>
     <span class='ocr_line' id='line_1_38' title="bbox 417 3706 1461 3795; baseline 0 -22"><span class='ocrx_word' id='word_1_271' title='bbox 417 3706 512 3789; x_wconf 89' lang='lat' dir='ltr'><strong>Deos,</strong></span> <span class='ocrx_word' id='word_1_272' title='bbox 534 3711 593 3773; x_wconf 88' lang='lat' dir='ltr'><strong>‘se</strong></span> <span class='ocrx_word' id='word_1_273' title='bbox 616 3710 732 3773; x_wconf 86' lang='lat' dir='ltr'><strong>nullam</strong></span> <span class='ocrx_word' id='word_1_274' title='bbox 757 3732 844 3774; x_wconf 87' lang='lat' dir='ltr'><strong>suam</strong></span> <span class='ocrx_word' id='word_1_275' title='bbox 867 3713 1008 3795; x_wconf 83' lang='lat' dir='ltr'><strong>gloriam·</strong></span> <span class='ocrx_word' id='word_1_276' title='bbox 1022 3712 1105 3792; x_wconf 89' lang='lat' dir='ltr'><strong>inde,</strong></span> <span class='ocrx_word' id='word_1_277' title='bbox 1129 3714 1182 3775; x_wconf 88' lang='lat' dir='ltr'><strong>sed</strong></span> <span class='ocrx_word' id='word_1_278' title='bbox 1205 3714 1338 3795; x_wconf 73' lang='lat' dir='ltr'><strong>predam</strong></span> <span class='ocrx_word' id='word_1_279' title='bbox 1361 3712 1461 3774; x_wconf 90' lang='lat' dir='ltr'><strong>militi</strong></span> 
     </span>
     <span class='ocr_line' id='line_1_39' title="bbox 419 3796 1461 3880; baseline 0 -21"><span class='ocrx_word' id='word_1_280' title='bbox 419 3796 638 3879; x_wconf 67' lang='lat' dir='ltr'><strong>‘querentem</strong></span> <span class='ocrx_word' id='word_1_281' title='bbox 667 3798 699 3859; x_wconf 91' lang='lat' dir='ltr'><strong>in</strong></span> <span class='ocrx_word' id='word_1_282' title='bbox 722 3818 791 3859; x_wconf 86' lang='lat' dir='ltr'><strong>eum</strong></span> <span class='ocrx_word' id='word_1_283' title='bbox 816 3799 917 3861; x_wconf 90' lang='lat' dir='ltr'><strong>locum</strong></span> <span class='ocrx_word' id='word_1_284' title='bbox 943 3799 1108 3861; x_wconf 85' lang='lat' dir='ltr'><strong>devenisse.</strong></span> <span class='ocrx_word' id='word_1_285' title='bbox 1127 3818 1225 3880; x_wconf 87' lang='lat' dir='ltr'><strong>neque</strong></span> <span class='ocrx_word' id='word_1_286' title='bbox 1248 3799 1278 3861; x_wconf 92' lang='lat' dir='ltr'><strong>in</strong></span> <span class='ocrx_word' id='word_1_287' title='bbox 1303 3820 1337 3859; x_wconf 85' lang='lat' dir='ltr'><strong>se</strong></span> <span class='ocrx_word' id='word_1_288' title='bbox 1357 3798 1461 3876; x_wconf 81' lang='lat' dir='ltr'><strong>uliud,</strong></span> 
     </span>
     <span class='ocr_line' id='line_1_40' title="bbox 419 3882 1459 3965; baseline -0.001 -20"><span class='ocrx_word' id='word_1_289' title='bbox 419 3882 537 3965; x_wconf 88' lang='lat' dir='ltr'><strong>‘quam</strong></span> <span class='ocrx_word' id='word_1_290' title='bbox 560 3884 685 3945; x_wconf 88' lang='lat' dir='ltr'><strong>nimiam</strong></span> <span class='ocrx_word' id='word_1_291' title='bbox 712 3883 829 3945; x_wconf 84' lang='lat' dir='ltr'><strong>ditandi</strong></span> <span class='ocrx_word' id='word_1_292' title='bbox 853 3906 892 3947; x_wconf 86' lang='lat' dir='ltr'><strong>cx</strong></span> <span class='ocrx_word' id='word_1_293' title='bbox 916 3886 1004 3946; x_wconf 85' lang='lat' dir='ltr'><strong>hoste</strong></span> <span class='ocrx_word' id='word_1_294' title='bbox 1018 3886 1123 3947; x_wconf 88' lang='lat' dir='ltr'><strong>militis</strong></span> <span class='ocrx_word' id='word_1_295' title='bbox 1138 3906 1250 3962; x_wconf 81' lang='lat' dir='ltr'><strong>mrem,</strong></span> <span class='ocrx_word' id='word_1_296' title='bbox 1271 3883 1459 3965; x_wconf 84' lang='lat' dir='ltr'><strong>reprehendi</strong></span> 
     </span>
     <span class='ocr_line' id='line_1_41' title="bbox 419 3966 1461 4053; baseline 0 -22"><span class='ocrx_word' id='word_1_297' title='bbox 419 3966 554 4051; x_wconf 75' lang='lat' dir='ltr'><strong>‘posuer</strong></span> <span class='ocrx_word' id='word_1_298' title='bbox 578 3970 616 4031; x_wconf 85' lang='lat' dir='ltr'><strong>ab</strong></span> <span class='ocrx_word' id='word_1_299' title='bbox 628 3988 666 4030; x_wconf 88' lang='lat' dir='ltr'><strong>eo</strong></span> <span class='ocrx_word' id='word_1_300' title='bbox 680 3988 713 4030; x_wconf 89' lang='lat' dir='ltr'><strong>se</strong></span> <span class='ocrx_word' id='word_1_301' title='bbox 725 3968 876 4031; x_wconf 91' lang='lat' dir='ltr'><strong>dedecore</strong></span> <span class='ocrx_word' id='word_1_302' title='bbox 890 3970 1005 4033; x_wconf 84' lang='lat' dir='ltr'><strong>nullum</strong></span> <span class='ocrx_word' id='word_1_303' title='bbox 1020 3970 1199 4050; x_wconf 78' lang='lat' dir='ltr'><strong>remelium,</strong></span> <span class='ocrx_word' id='word_1_304' title='bbox 1210 3990 1298 4053; x_wconf 86' lang='lat' dir='ltr'><strong>quam</strong></span> <span class='ocrx_word' id='word_1_305' title='bbox 1307 3969 1461 4032; x_wconf 85' lang='lat' dir='ltr'><strong>virtutem</strong></span> 
     </span>
    </p>
   </div>
   <div class='ocr_carea' id='block_1_3' title="bbox 414 4106 1465 4491">
    <p class='ocr_par' dir='ltr' id='par_1_3' title="bbox 414 4106 1465 4491">
     <span class='ocr_line' id='line_1_42' title="bbox 449 4106 1459 4176; baseline 0.003 -19"><span class='ocrx_word' id='word_1_306' title='bbox 449 4106 506 4143; x_wconf 67' lang='grc' dir='ltr'>Ἠ</span> <span class='ocrx_word' id='word_1_307' title='bbox 523 4108 764 4171; x_wconf 68' lang='lat' dir='ltr'><strong>Cleolmpmidium</strong></span> <span class='ocrx_word' id='word_1_308' title='bbox 784 4106 920 4175; x_wconf 64' lang='lat' dir='ltr'><strong>Romam]</strong></span> <span class='ocrx_word' id='word_1_309' title='bbox 951 4123 998 4160; x_wconf 83' lang='lat' dir='ltr'><strong>tem</strong></span> <span class='ocrx_word' id='word_1_310' title='bbox 1016 4128 1069 4162; x_wconf 78' lang='lat' dir='ltr'><strong>acer</strong></span> <span class='ocrx_word' id='word_1_311' title='bbox 1086 4114 1194 4162; x_wconf 73' lang='lat' dir='ltr'><strong>entire</strong></span> <span class='ocrx_word' id='word_1_312' title='bbox 1210 4111 1406 4176; x_wconf 76' lang='lat' dir='ltr'><strong>stimultu,quam</strong></span> <span class='ocrx_word' id='word_1_313' title='bbox 1425 4110 1459 4157; x_wconf 78' lang='lat' dir='ltr'><strong>ad</strong></span> 
     </span>
     <span class='ocr_line' id='line_1_43' title="bbox 418 4168 1066 4227; baseline 0.012 -9"><span class='ocrx_word' id='word_1_314' title='bbox 418 4168 524 4223; x_wconf 74' lang='lat' dir='ltr'><strong>Cluviam</strong></span> <span class='ocrx_word' id='word_1_315' title='bbox 544 4175 625 4223; x_wconf 83' lang='lat' dir='ltr'><strong>urbem</strong></span> <span class='ocrx_word' id='word_1_316' title='bbox 647 4190 661 4221; x_wconf 83' lang='lat' dir='ltr'><strong>a</strong></span> <span class='ocrx_word' id='word_1_317' title='bbox 681 4173 789 4221; x_wconf 72' lang='lat' dir='ltr'><strong>Romame</strong></span> <span class='ocrx_word' id='word_1_318' title='bbox 811 4175 921 4224; x_wconf 81' lang='lat' dir='ltr'><strong>militibus</strong></span> <span class='ocrx_word' id='word_1_319' title='bbox 952 4175 1066 4227; x_wconf 77' lang='lat' dir='ltr'><strong>Cluviam.</strong></span> 
     </span>
     <span class='ocr_line' id='line_1_44' title="bbox 415 4234 1465 4305; baseline 0.007 -24"><span class='ocrx_word' id='word_1_320' title='bbox 415 4234 541 4288; x_wconf 65' lang='grc' dir='ltr'><strong>ἀείσω.</strong></span> <span class='ocrx_word' id='word_1_321' title='bbox 574 4236 704 4288; x_wconf 71' lang='lat' dir='ltr'><strong>Presidium</strong></span> <span class='ocrx_word' id='word_1_322' title='bbox 721 4238 770 4296; x_wconf 86' lang='lat' dir='ltr'><strong>hic,</strong></span> <span class='ocrx_word' id='word_1_323' title='bbox 787 4249 815 4287; x_wconf 87' lang='lat' dir='ltr'><strong>ut</strong></span> <span class='ocrx_word' id='word_1_324' title='bbox 831 4250 857 4288; x_wconf 81' lang='lat' dir='ltr'><strong>ct</strong></span> <span class='ocrx_word' id='word_1_325' title='bbox 868 4240 921 4289; x_wconf 83' lang='lat' dir='ltr'><strong>alibi</strong></span> <span class='ocrx_word' id='word_1_326' title='bbox 982 4239 1032 4275; x_wconf 53' lang='grc' dir='ltr'><strong>ὅ*</strong></span> <span class='ocrx_word' id='word_1_327' title='bbox 1043 4243 1121 4303; x_wconf 73' lang='lat' dir='ltr'><strong>siqua</strong></span> <span class='ocrx_word' id='word_1_328' title='bbox 1139 4238 1229 4292; x_wconf 58' lang='lat' dir='ltr'><strong>umet</strong></span> <span class='ocrx_word' id='word_1_329' title='bbox 1240 4240 1376 4305; x_wconf 72' lang='lat' dir='ltr'><strong>populando]</strong></span> <span class='ocrx_word' id='word_1_330' title='bbox 1391 4236 1465 4289; x_wconf 72' lang='lat' dir='ltr'><strong>Mat-¹</strong></span> 
     </span>
     <span class='ocr_line' id='line_1_45' title="bbox 414 4300 1459 4371; baseline 0.009 -25"><span class='ocrx_word' id='word_1_331' title='bbox 414 4300 507 4371; x_wconf 62' lang='lat' dir='ltr'><strong>apim,</strong></span> <span class='ocrx_word' id='word_1_332' title='bbox 522 4304 621 4351; x_wconf 82' lang='lat' dir='ltr'><strong>sumitur</strong></span> <span class='ocrx_word' id='word_1_333' title='bbox 630 4318 672 4367; x_wconf 89' lang='lat' dir='ltr'><strong>pro</strong></span> <span class='ocrx_word' id='word_1_334' title='bbox 680 4302 732 4352; x_wconf 84' lang='lat' dir='ltr'><strong>loco</strong></span> <span class='ocrx_word' id='word_1_335' title='bbox 742 4318 811 4366; x_wconf 84' lang='lat' dir='ltr'><strong>quem</strong></span> <span class='ocrx_word' id='word_1_336' title='bbox 822 4305 923 4354; x_wconf 77' lang='lat' dir='ltr'><strong>insident</strong></span> <span class='ocrx_word' id='word_1_337' title='bbox 951 4304 1026 4352; x_wconf 81' lang='lat' dir='ltr'><strong>lemur</strong></span> <span class='ocrx_word' id='word_1_338' title='bbox 1032 4308 1165 4366; x_wconf 70' lang='lat' dir='ltr'><strong>populandi.-</strong></span> <span class='ocrx_word' id='word_1_339' title='bbox 1182 4318 1211 4355; x_wconf 87' lang='lat' dir='ltr'><strong>ut</strong></span> <span class='ocrx_word' id='word_1_340' title='bbox 1220 4323 1300 4355; x_wconf 73' lang='lat' dir='ltr'><strong>senam</strong></span> <span class='ocrx_word' id='word_1_341' title='bbox 1311 4307 1357 4363; x_wconf 68' lang='grc' dir='ltr'><strong>εἰη</strong></span> <span class='ocrx_word' id='word_1_342' title='bbox 1370 4306 1459 4368; x_wconf 72' lang='lat' dir='ltr'><strong>siqua,</strong></span> 
     </span>
     <span class='ocr_line' id='line_1_46' title="bbox 415 4362 1447 4491; baseline 0.013 -84"><span class='ocrx_word' id='word_1_343' title='bbox 415 4362 736 4491; x_wconf 42' lang='lat' dir='ltr'><strong>mlgtffilppnproJmffipus</strong></span> <span class='ocrx_word' id='word_1_344' title='bbox 748 4369 807 4433; x_wconf 83' lang='lat' dir='ltr'><strong>ipsis.</strong></span> <span class='ocrx_word' id='word_1_345' title='bbox 839 4432 918 4481; x_wconf 59' lang='lat' dir='ltr'>m</span> <span class='ocrx_word' id='word_1_346' title='bbox 948 4369 1215 4484; x_wconf 51' lang='lat' dir='ltr'><strong>um&#39;dffiubfm</strong></span> <span class='ocrx_word' id='word_1_347' title='bbox 1252 4372 1259 4385; x_wconf 85' lang='grc'><em>“</em></span> <span class='ocrx_word' id='word_1_348' title='bbox 1295 4450 1299 4457; x_wconf 88' lang='lat'><strong>.</strong></span> <span class='ocrx_word' id='word_1_349' title='bbox 1375 4376 1404 4419; x_wconf 75' lang='lat' dir='ltr'><strong>ra&#39;</strong></span> <span class='ocrx_word' id='word_1_350' title='bbox 1438 4435 1447 4447; x_wconf 66' lang='lat'>‚</span> 
     </span>
    </p>
   </div>
   <div class='ocr_carea' id='block_1_4' title="bbox 0 0 1592 5200">
    <p class='ocr_par' dir='ltr' id='par_1_4' title="bbox 0 0 1592 5200">
     <span class='ocr_line' id='line_1_47' title="bbox 0 0 1592 5200; baseline 0 5"><span class='ocrx_word' id='word_1_351' title='bbox 0 0 1592 5200; x_wconf 95' lang='lat' dir='ltr'><strong> </strong></span> 
     </span>
    </p>
   </div>
  </div>
 </body>
</html>
