3175 5200
371 357 431 443 ‚ili
799 347 882 429 Tm
901 345 1004 425 mu

202 519 236 572 υ.
248 518 276 583 c.
319 518 342 571 7.
370 508 566 591 liastidiat‘3
583 511 633 592 qui
645 517 745 574 certos
760 506 817 574 sihi
833 507 885 571 uni
901 507 1031 573 honores
1045 505 1125 573 inter
1138 506 1325 577 dimicantes
1340 526 1433 588 corn,

203 584 235 665 ‘l'
246 586 301 663 ⁰23
318 586 342 637 ⁵·
369 595 537 686 ‘petitores
548 616 667 679 aequurn
677 598 910 673 censentes'se‘3
927 594 978 679 qui
989 616 1022 658 se
1033 594 1157 660 arbitrio
1165 608 1266 663 vestro
1275 594 1431 673 eximat⁸3

369 686 380 720 ¹
395 686 445 769 qui
470 696 569 751 vestra
592 682 764 753 necessaria
789 676 933 765 suffragia
947 704 1003 765 pro
1016 681 1205 761 voluntariis,
1219 692 1253 745 et
1267 704 1354 755 serva
1370 705 1431 770 pro

369 774 379 807 ‘
394 772 496 836 liberis
506 770 622 833 saciati.
638 768 758 833 Omitto
770 766 922 837 licinium
932 766 1142 851 Sentiumque,
1150 771 1176 815 ⁷¹
1185 789 1315 851 quorum
1326 791 1429 833 annos

368 860 424 922 ‘in
439 868 586 946 perpetua
605 868 769 939 potestate,
784 868 943 937 tamquam
955 876 1061 939 regum
1077 854 1109 920 in
1130 852 1299 938 Capitolio,
1313 878 1427 930 nunrc.

367 946 379 977 ‘
395 946 487 1022 ratis:
510 944 576 1027 quis
592 955 638 1009 est
653 942 745 1010 hodie
760 942 792 1005 in
808 942 930 1028 civitate
945 956 1010 1005 tarn
1026 941 1160 1023 humilis,
1175 944 1224 1004 cui
1240 965 1304 1005 non
1317 943 1367 1005 via
1383 946 1426 1008 ad

368 1031 585 1097 ‘consulatum
600 1028 717 1113 facilior
738 1028 793 1114 per
811 1030 898 1107 istius
913 1029 989 1112 legis
1004 1027 1209 1109 occasionem,
1225 1050 1317 1111 quam
1333 1033 1426 1094 nobis

368 1120 378 1153 ‘
394 1142 429 1181 ac
441 1118 541 1182 liberis
556 1118 677 1197 nostris,
689 1116 759 1180 fiat?
778 1116 803 1179 si
815 1116 940 1198 quidem
949 1139 1016 1195 nos,
1025 1138 1065 1179 nc
1081 1136 1175 1198 quum
1185 1117 1341 1183 volueritis
1351 1119 1424 1201 qui·

368 1206 378 1238 ‘
394 1204 474 1285 dem,
487 1227 588 1269 creare
603 1202 755 1285 interdum
770 1202 911 1289 poteritis
916 1227 926 1281 ς
943 1205 1029 1283 istos,
1039 1204 1134 1271 etiam
1145 1203 1171 1265 si
1183 1204 1349 1283 nolueritis,
1364 1227 1424 1267 ne-

367 1293 378 1325 ‘
393 1314 476 1357 cesse
488 1294 538 1355 sit.
557 1290 605 1355 Da
616 1290 798 1375 indignitate
808 1292 880 1355 satis
891 1290 1007 1354 dictum
1019 1302 1082 1353 est:
1102 1288 1230 1370 (etenim
1240 1291 1423 1375 dignitasad

368 1380 530 1459 ‘homines
544 1378 688 1463 pertinet)
708 1378 782 1461 quid
803 1378 841 1441 de
862 1378 1057 1461 religionibus
1077 1390 1170 1459 atque
1186 1378 1338 1461 auspiciis,
1352 1401 1423 1461 quan

367 1466 378 1498 ‘
416 1468 517 1551 ropria
531 1460 667 1529 Deorum
691 1466 898 1531 inmortalium
922 1464 1091 1529 contemtio
1112 1478 1205 1547 atque
1228 1464 1338 1548 injuria
1360 1481 1421 1544 est,

367 1489 515 1635 ‘laqueti
544 1553 697 1637 Auspiciis
713 1555 792 1619 hanc
809 1554 915 1616 urbem
925 1554 1082 1618 conditam
1093 1574 1170 1631 esse,
1183 1553 1323 1639 auspiciis
1335 1554 1422 1616 bello

367 1638 377 1672 ‘
393 1663 429 1702 ac
444 1662 530 1723 pace,
547 1642 630 1705 dorni
646 1641 832 1723 militiaeque,
844 1640 949 1705 omnia
967 1640 1043 1723 geri,
1058 1640 1125 1723 quis
1137 1651 1193 1719 est,
1209 1641 1260 1723 qui
1271 1641 1420 1722 ignoretl

367 1727 377 1758 ‘
394 1726 489 1791 Penes
499 1749 574 1811 quos
590 1728 681 1815 igitur
692 1739 762 1790 sunt
773 1728 909 1810 auspicia
919 1749 1003 1791 more
1013 1724 1180 1810 majorum?
1193 1748 1310 1811 nempe,
1318 1749 1420 1811 penes

367 1812 506 1877 ‘Patres
521 1836 593 1885 nam
613 1815 749 1899 plebeius
774 1815 897 1897 quidem
920 1816 1116 1901 magistratus
1138 1814 1233 1877 nullus
1252 1813 1415 1897 auspicato

367 1900 518 1965 ‘creatun
561 1899 659 1965 Nobis
681 1902 758 1965 adeo
785 1904 908 1987 propria
931 1914 1004 1967 sunt
1023 1902 1163 1987 auspicia,
1177 1912 1286 1964 utnon
1299 1900 1413 1979 solum,

367 1988 467 2073 ‘quos
486 1990 619 2073 populus
637 2003 721 2070 creat
740 1991 886 2077 patricios
909 1992 1117 2077 magistratus,
1130 2010 1190 2053 non
1204 1989 1300 2066 aliter,
1316 2009 1413 2071 quarn

366 2076 377 2107 ‘
392 2077 561 2161 auspicato,
577 2088 679 2155 creet3
704 2078 758 2141 sed
774 2101 830 2141 uos
841 2100 965 2163 quoque
984 2080 1043 2162 ipsi
1064 2079 1129 2141 sinc
1148 2075 1288 2164 suffragio
1304 2075 1414 2161 populi

365 2164 551 2246 ‘auspicato
572 2165 753 2248 interregem
769 2164 942 2249 prodamus,
963 2178 995 2228 et
1015 2170 1041 2212 ⁷²
1051 2165 1193 2250 privatim
1206 2162 1342 2246 auspicia
1353 2162 1416 2225 lra-

366 2251 377 2282 ‘
391 2252 526 2329 beamus,
539 2273 605 2335 quae
620 2253 670 2315 isti
686 2275 724 2315 nc
739 2254 770 2318 in
790 2253 1019 2335 tnagistratibus
1033 2253 1156 2334 quidem
1171 2251 1296 2319 habeut.
1333 2249 1420 2319 Qum

366 2338 377 2369 ‘
392 2337 482 2419 igitur
492 2339 585 2420 aliud,
593 2342 684 2423 quarn
695 2340 777 2416 tollit
785 2361 825 2403 ex
833 2338 957 2403 civitate
967 2340 1113 2423 auspicia,
1125 2339 1189 2421 qui,
1197 2336 1334 2421 plebeios
1342 2357 1421 2400 conv

365 2424 376 2457 ‘
390 2424 469 2487 sulas
480 2426 623 2505 creando,
635 2448 655 2489 a
666 2424 815 2505 Patribus,
829 2428 883 2509 qui
893 2426 950 2491 soli
962 2448 1000 2489 ea
1009 2428 1120 2491 habere
1136 2435 1277 2509 possunt,
1296 2422 1419 2490 nuent

364 2512 373 2545 ‘
389 2510 525 2581 Eludant
535 2533 616 2585 nuno
630 2512 704 2578 licet
720 2513 890 2595 religiones.
934 2513 1015 2584 Quid
1030 2514 1112 2575 enirn
1127 2522 1186 2592 est,
1196 2511 1256 2573 ⁷³ai
1267 2510 1342 2595 pulli
1353 2532 1418 2575 non

362 2598 374 2631 ⁴
389 2599 568 2680 pascentur?
586 2598 612 2661 si
624 2621 663 2662 ex
678 2621 771 2676 cavea
785 2602 901 2664 tardius
916 2599 1061 2686 exierint?
1076 2602 1103 2648 ⁷⁴
1111 2601 1135 2663 si
1151 2599 1320 2663 occinuerit
1333 2598 1415 2662 arisi

360 2686 372 2718 ‘
387 2683 483 2746 Parva
497 2695 568 2754 sunt
581 2687 661 2750 haee:
688 2687 743 2748 sed
765 2709 860 2771 parva
880 2690 940 2752 ista
961 2709 1023 2751 nou
1037 2687 1267 2758 contemnendo
1282 2683 1412 2770 majores

361 2769 483 2834 ‘nostri
500 2772 666 2852 maximam
681 2773 849 2839 hanc'rem
871 2775 1018 2840 fecerunt.
1062 2774 1152 2838 Nunc
1167 2796 1236 2854 nos,
1256 2786 1409 2854 tamquam

361 2858 372 2890 ‘
381 2857 448 2940 jam
457 2857 534 2920 nihil
543 2879 619 2942 pace
629 2857 765 2933 Deorum
777 2882 854 2944 opus
865 2863 917 2942 sit,
925 2884 1032 2926 omnes
1040 2863 1230 2926 ceremonias
1240 2861 1409 2945 polluimus.

361 2944 372 2976 ‘
386 2941 488 3028 Vulgo
496 2966 569 3028 ergo
579 2946 751 3030 pontifices,
763 2949 1067 3030 auguras,sacriticuli
1079 2960 1329 3032 regescreentur:
1343 2947 1413 3024 cui-

361 3031 371 3065 ‘
387 3032 461 3094 libet
473 3034 626 3117 ”apicem
640 3033 773 3114 Dialem,
786 3035 954 3099 dummodo
965 3037 1058 3098 homo
1069 3037 1120 3114 sit,
1131 3037 1330 3121 inponamus:
1348 3045 1411 3100 tra·

545 3192 626 3254 trigna
636 3191 717 3243 interr.
730 3205 780 3258 port
787 3193 907 3260 fastidiat,
914 3209 965 3259 an,
976 3204 1018 3246 ato.
1030 3208 1080 3259 poe.
1092 3193 1167 3244 Gran.
1178 3196 1247 3246 Cres.

392 3319 416 3358 ⁷⁸
442 3319 542 3374 Quonam
559 3337 627 3370 omres
643 3355 649 3369 .
668 3325 734 3372 ..ia
762 3323 871 3389 Capitolio
900 3325 1038 3392 gmrmibrm
1083 3325 1188 3392 Foptprre
1220 3327 1344 3407 legendum
1376 3339 1414 3395 ert

359 3386 490 3447 nmmos]
516 3385 632 3436 llrdeotur
653 3387 703 3438 hrec
724 3389 871 3454 intelligenda
900 3392 993 3452 privati.
1140 3398 1142 3401 '
1278 3384 1292 3404 '¹

359 3451 389 3500 de
411 3451 480 3500 clavia
500 3453 593 3500 numeri
613 3461 725 3510 tnnonun
748 3452 872 3513 indicibus,
934 3455 956 3492 ⁷³
973 3455 1000 3504 Si
1014 3457 1075 3520 palli
1093 3475 1138 3516 raon
1152 3462 1278 3526 pascatur]
1300 3461 1341 3522 Do
1357 3477 1415 3521 au&

359 3513 388 3564 de
408 3513 490 3578 quibua
507 3515 558 3566 Liv.
574 3518 632 3565 inira
652 3533 698 3576 vu.
716 3523 741 3573 3.
771 3519 811 3570 lbi
829 3521 869 3576 ille
900 3518 969 3584 pido,
987 3522 1049 3586 quod
1066 3514 1081 3572 a
1098 3523 1166 3591 pollis
1179 3525 1305 3589 gullinneir
1317 3538 1411 3590 aptare,

360 3581 426 3646 docet
453 3579 542 3630 clarum
563 3583 686 3644 quotannis
711 3586 748 3646 ligi
775 3585 869 3635 solitum
900 3587 1329 3651 roletmtttomantriddnfnato.
1405 3591 1412 3600 '

359 3641 441 3702 sana
460 3644 527 3699 aaa
549 3647 603 3702 aar.
630 3645 694 3707 aava
718 3651 777 3718 ops.
800 3651 867 3702 utu.
932 3641 955 3689 τ*
970 3653 996 3702 s·
1013 3652 1131 3707 aaaron
1146 3651 1204 3717 aaa]
1222 3656 1241 3704 a
1259 3666 1326 3706 antu
1344 3671 1406 3732 quo,

361 3707 430 3769 Eam,
446 3709 530 3787 inquit,
542 3711 639 3776 closum,
650 3715 770 3778 quintana
786 3733 828 3779 por
842 3735 869 3770 ea
915 3735 945 3768 ue
967 3720 1044 3781 arium
1069 3722 1144 3771 omina
1162 3718 1206 3777 ribi
1224 3721 1279 3771 lata
1300 3721 1404 3772 mactare

360 3775 542 3854 temporalrtteroe
551 3787 624 3842 mat,
641 3787 715 3838 notam
730 3783 817 3840 automni
825 3801 867 3833 aa·
898 3734 1015 3846 durabant
1033 3783 1140 3849 Romani.
1168 3780 1412 3853 Viduoffmmlore,

359 3857 439 3921 ironam
457 3839 531 3906 ficare
553 3843 646 3922 sanent.
691 3845 776 3898 Sensus
797 3847 868 3922 igitur
898 3850 968 3900 modo
978 3851 1114 3912 memorato,
1129 3864 1154 3910 ct
1169 3845 1226 3903 Vsl.
1239 3851 1307 3902 Mu.
1321 3848 1340 3900 l.
1349 3866 1372 3907 ,ι.
1383 3869 1407 3907 c.

359 3905 428 3972 hujus
448 3905 504 3958 locrt
528 3917 592 3957 ent:
620 3925 717 3976 quorum
744 3929 815 3966 moos
842 3914 868 3966 in
899 3917 923 3963 4.
955 3916 1029 3976 Aves,
1046 3934 1097 3981 qnae
1115 3929 1185 3969 cantu
1201 3916 1298 3990 auspicis
1315 3917 1412 3986 debant.

358 3983 469 4038 perpetus
495 3985 618 4044 potestate,
643 3989 752 4044 tanquam
779 3995 869 4045 regum,
898 3982 977 4054 apcius·
992 3982 1136 4048 dicebantur,
1154 3983 1233 4048 quales
1250 3999 1339 4049 comm,
1356 3999 1407 4039 cor.-

358 4053 493 4102 pernovem
509 4041 629 4090 continuos
645 4041 719 4094 claros
736 4041 867 4110 Capitolino
898 4045 1054 4104 ninum.
1208 4099 1211 4103 ,

358 4105 441 4168 parieti
459 4103 548 4164 affixos.
563 4108 695 4172 narnensis.
730 4111 867 4171 Harmas
930 4113 953 4149 ⁷⁵
979 4115 1070 4180 Apiom
1088 4111 1190 4178 Didcm]
1225 4115 1293 4183 Apcx
1317 4116 1405 4184 proruis

359 4185 374 4245 Ιι
395 4171 488 4237 nemina
510 4171 557 4222 hm
579 4187 651 4237 usquc
672 4175 785 4230 intellecti
806 4177 867 4228 tanc
897 4175 1023 4237 dicebatur,
1052 4181 1077 4241 ip
1107 4194 1199 4231 summo
1225 4179 1323 4242 muna
1344 4183 1407 4246 pileo

359 4239 571 4352 ffltdrpfflmffim
582 4237 693 4350 ppbenrus
704 4237 867 4357 Cldllogwel-
898 4238 959 4309 virge
969 4259 983 4294 e
993 4243 1155 4323 {eliciubora
1173 4244 1291 4326 anantio
1301 4247 1411 4312 religata,

359 4315 458 4420 nala.
471 4320 583 4446 senis.
607 4317 681 4448 Ὗ·
698 4321 723 4360 ¹·
743 4322 769 4373 ·‘
810 4309 868 4375 '²¹¹⁸
896 4310 1414 4456 liiidilffriiwrffi

390 4427 415 4467 ⁷⁹
434 4429 562 4500 ¹Parasino]
597 4435 706 4488 Privatim
727 4448 752 4490 et
778 4438 867 4502 ptdlioe
896 4441 995 4496 summu
1016 4460 1057 4513 pro
1077 4461 1128 4510 apro
1147 4443 1219 4510 pileo.
1251 4444 1314 4512 Aper
1329 4458 1410 4510 antem

358 4507 522 4563 opportunum,
545 4509 569 4550 at
587 4515 634 4553 non
648 4503 761 4576 privatio,
776 4505 802 4555 io
817 4522 866 4575 [rra.⁸
897 4507 971 4574 dctus
986 4520 1023 4565 eat
1039 4511 1068 4566 ab
1086 4526 1116 4573 eo
1131 4511 1194 4581 thd
1209 4511 1411 4580 wehtam
