<?xml version="1.0" encoding="UTF-8"?>
<!DOCTYPE html PUBLIC "-//W3C//DTD XHTML 1.0 Transitional//EN"
    "http://www.w3.org/TR/xhtml1/DTD/xhtml1-transitional.dtd">
<html xmlns="http://www.w3.org/1999/xhtml" xml:lang="en" lang="en">
 <head>
  <title>
</title>
<meta http-equiv="Content-Type" content="text/html;charset=utf-8" />
  <meta name='ocr-system' content='tesseract 3.04.00' />
  <meta name='ocr-capabilities' content='ocr_page ocr_carea ocr_par ocr_line ocrx_word'/>
</head>
<body>
  <div class='ocr_page' id='page_1' title='image "./tliviipatavinih03grongoog_0418.png"; bbox 0 0 3175 5200; ppageno 0'>
   <div class='ocr_carea' id='block_1_1' title="bbox 351 386 981 459">
    <p class='ocr_par' dir='ltr' id='par_1_1' title="bbox 351 386 981 459">
     <span class='ocr_line' id='line_1_1' title="bbox 351 386 981 459; baseline -0.013 0"><span class='ocrx_word' id='word_1_1' title='bbox 351 399 410 459; x_wconf 78' lang='lat'>886</span> <span class='ocrx_word' id='word_1_2' title='bbox 774 386 859 454; x_wconf 75' lang='lat' dir='ltr'>um</span> <span class='ocrx_word' id='word_1_3' title='bbox 879 389 981 453; x_wconf 79' lang='lat' dir='ltr'>mvn</span> 
     </span>
    </p>
   </div>
   <div class='ocr_carea' id='block_1_2' title="bbox 184 532 1413 3674">
    <p class='ocr_par' dir='ltr' id='par_1_2' title="bbox 184 532 1413 3674">
     <span class='ocr_line' id='line_1_2' title="bbox 184 532 1400 640; baseline -0.007 -20"><span class='ocrx_word' id='word_1_4' title='bbox 184 567 218 622; x_wconf 79' lang='grc' dir='ltr'>υ.</span> <span class='ocrx_word' id='word_1_5' title='bbox 227 557 258 624; x_wconf 81' lang='lat'>0.</span> <span class='ocrx_word' id='word_1_6' title='bbox 267 573 323 628; x_wconf 74' lang='lat'>379:</span> <span class='ocrx_word' id='word_1_7' title='bbox 354 551 459 640; x_wconf 89' lang='lat' dir='ltr'>quoin</span> <span class='ocrx_word' id='word_1_8' title='bbox 474 533 655 636; x_wconf 79' lang='lat' dir='ltr'>magistratu</span> <span class='ocrx_word' id='word_1_9' title='bbox 669 532 792 612; x_wconf 75' lang='lat' dir='ltr'>sibimet</span> <span class='ocrx_word' id='word_1_10' title='bbox 815 549 873 634; x_wconf 89' lang='lat' dir='ltr'>ipsi</span> <span class='ocrx_word' id='word_1_11' title='bbox 892 533 972 612; x_wconf 83' lang='lat' dir='ltr'>viam</span> <span class='ocrx_word' id='word_1_12' title='bbox 993 544 1033 611; x_wconf 87' lang='lat' dir='ltr'>sd</span> <span class='ocrx_word' id='word_1_13' title='bbox 1048 551 1166 612; x_wconf 77' lang='lat' dir='ltr'>ceteros</span> <span class='ocrx_word' id='word_1_14' title='bbox 1180 547 1315 612; x_wconf 79' lang='lat' dir='ltr'>honores</span> <span class='ocrx_word' id='word_1_15' title='bbox 1328 551 1400 634; x_wconf 82' lang='lat' dir='ltr'>ape·</span> 
     </span>
     <span class='ocr_line' id='line_1_3' title="bbox 184 633 1404 722; baseline -0.005 -17"><span class='ocrx_word' id='word_1_16' title='bbox 184 635 325 716; x_wconf 58' lang='lat' dir='ltr'>Mill&amp;</span> <span class='ocrx_word' id='word_1_17' title='bbox 355 643 459 706; x_wconf 90' lang='lat' dir='ltr'>rirent.</span> <span class='ocrx_word' id='word_1_18' title='bbox 486 639 678 721; x_wconf 75' lang='lat' dir='ltr'>“creatique</span> <span class='ocrx_word' id='word_1_19' title='bbox 705 637 819 699; x_wconf 88' lang='lat' dir='ltr'>tribuni</span> <span class='ocrx_word' id='word_1_20' title='bbox 842 635 879 700; x_wconf 85' lang='lat' dir='ltr'>C.</span> <span class='ocrx_word' id='word_1_21' title='bbox 901 635 1035 699; x_wconf 78' lang='lat' dir='ltr'>licinius</span> <span class='ocrx_word' id='word_1_22' title='bbox 1062 649 1095 700; x_wconf 92' lang='lat' dir='ltr'>et</span> <span class='ocrx_word' id='word_1_23' title='bbox 1119 634 1155 700; x_wconf 74' lang='lat' dir='ltr'>is.</span> <span class='ocrx_word' id='word_1_24' title='bbox 1179 633 1304 700; x_wconf 84' lang='lat' dir='ltr'>Sextius</span> <span class='ocrx_word' id='word_1_25' title='bbox 1331 655 1404 722; x_wconf 90' lang='lat' dir='ltr'>pro·</span> 
     </span>
     <span class='ocr_line' id='line_1_4' title="bbox 185 701 1402 818; baseline -0.003 -26"><span class='ocrx_word' id='word_1_26' title='bbox 185 701 325 818; x_wconf 51' lang='lat' dir='ltr'>ffiim’</span> <span class='ocrx_word' id='word_1_27' title='bbox 354 731 527 812; x_wconf 87' lang='lat' dir='ltr'>mulgavere</span> <span class='ocrx_word' id='word_1_28' title='bbox 548 727 631 808; x_wconf 87' lang='lat' dir='ltr'>leges</span> <span class='ocrx_word' id='word_1_29' title='bbox 654 745 760 796; x_wconf 85' lang='lat' dir='ltr'>omues</span> <span class='ocrx_word' id='word_1_30' title='bbox 783 725 926 787; x_wconf 81' lang='lat' dir='ltr'>adversus</span> <span class='ocrx_word' id='word_1_31' title='bbox 952 741 1027 805; x_wconf 91' lang='lat' dir='ltr'>opes</span> <span class='ocrx_word' id='word_1_32' title='bbox 1056 724 1268 807; x_wconf 88' lang='lat' dir='ltr'>patriciorum,</span> <span class='ocrx_word' id='word_1_33' title='bbox 1300 735 1332 787; x_wconf 89' lang='lat' dir='ltr'>et</span> <span class='ocrx_word' id='word_1_34' title='bbox 1347 744 1402 810; x_wconf 94' lang='lat' dir='ltr'>pro</span> 
     </span>
     <span class='ocr_line' id='line_1_5' title="bbox 184 801 1404 896; baseline -0.006 -14"><span class='ocrx_word' id='word_1_35' title='bbox 184 801 241 882; x_wconf 78' lang='lat' dir='ltr'>Mil.</span> <span class='ocrx_word' id='word_1_36' title='bbox 278 803 285 818; x_wconf 73' lang='lat'>&#39;</span> <span class='ocrx_word' id='word_1_37' title='bbox 355 815 523 879; x_wconf 90' lang='lat' dir='ltr'>commodis</span> <span class='ocrx_word' id='word_1_38' title='bbox 538 812 658 896; x_wconf 84' lang='lat' dir='ltr'>plebis=</span> <span class='ocrx_word' id='word_1_39' title='bbox 682 831 775 873; x_wconf 84' lang='lat' dir='ltr'>unum</span> <span class='ocrx_word' id='word_1_40' title='bbox 799 811 839 872; x_wconf 90' lang='lat' dir='ltr'>de</span> <span class='ocrx_word' id='word_1_41' title='bbox 861 829 919 872; x_wconf 79' lang='lat' dir='ltr'>sere</span> <span class='ocrx_word' id='word_1_42' title='bbox 943 811 1054 890; x_wconf 85' lang='lat' dir='ltr'>alieno,</span> <span class='ocrx_word' id='word_1_43' title='bbox 1076 818 1123 889; x_wconf 89' lang='lat' dir='ltr'>ut,</span> <span class='ocrx_word' id='word_1_44' title='bbox 1146 810 1280 874; x_wconf 85' lang='lat' dir='ltr'>deducto</span> <span class='ocrx_word' id='word_1_45' title='bbox 1302 832 1340 874; x_wconf 88' lang='lat' dir='ltr'>eo</span> <span class='ocrx_word' id='word_1_46' title='bbox 1365 813 1404 875; x_wconf 89' lang='lat' dir='ltr'>de</span> 
     </span>
     <span class='ocr_line' id='line_1_6' title="bbox 186 897 1403 986; baseline -0.002 -22"><span class='ocrx_word' id='word_1_47' title='bbox 186 915 332 967; x_wconf 64' lang='lat' dir='ltr'>mrem</span> <span class='ocrx_word' id='word_1_48' title='bbox 354 903 466 986; x_wconf 87' lang='lat' dir='ltr'>capite,</span> <span class='ocrx_word' id='word_1_49' title='bbox 482 899 566 982; x_wconf 94' lang='lat' dir='ltr'>quod</span> <span class='ocrx_word' id='word_1_50' title='bbox 587 897 685 960; x_wconf 89' lang='lat' dir='ltr'>usuris</span> <span class='ocrx_word' id='word_1_51' title='bbox 708 908 957 980; x_wconf 78' lang='lat' dir='ltr'>pernumeratum</span> <span class='ocrx_word' id='word_1_52' title='bbox 979 909 1071 976; x_wconf 87' lang='lat' dir='ltr'>esset,</span> <span class='ocrx_word' id='word_1_53' title='bbox 1092 898 1137 977; x_wconf 93' lang='lat' dir='ltr'>id,</span> <span class='ocrx_word' id='word_1_54' title='bbox 1160 899 1244 980; x_wconf 89' lang='lat' dir='ltr'>quod</span> <span class='ocrx_word' id='word_1_55' title='bbox 1265 919 1403 982; x_wconf 87' lang='lat' dir='ltr'>superes-</span> 
     </span>
     <span class='ocr_line' id='line_1_7' title="bbox 185 982 1405 1068; baseline -0.002 -18"><span class='ocrx_word' id='word_1_56' title='bbox 185 982 269 1031; x_wconf 62' lang='lat'>¹¹1⁸⁸⁰·</span> <span class='ocrx_word' id='word_1_57' title='bbox 355 1000 412 1068; x_wconf 89' lang='lat' dir='ltr'>set,</span> <span class='ocrx_word' id='word_1_58' title='bbox 444 987 575 1049; x_wconf 87' lang='lat' dir='ltr'>triennio</span> <span class='ocrx_word' id='word_1_59' title='bbox 598 983 691 1068; x_wconf 76' lang='lat' dir='ltr'>equis</span> <span class='ocrx_word' id='word_1_60' title='bbox 713 984 908 1068; x_wconf 79' lang='lat' dir='ltr'>portionibus</span> <span class='ocrx_word' id='word_1_61' title='bbox 930 985 1175 1068; x_wconf 76' lang='lat' dir='ltr'>persolveretur:</span> <span class='ocrx_word' id='word_1_62' title='bbox 1212 983 1340 1047; x_wconf 83' lang='lat' dir='ltr'>alteram</span> <span class='ocrx_word' id='word_1_63' title='bbox 1367 985 1405 1048; x_wconf 90' lang='lat' dir='ltr'>de</span> 
     </span>
     <span class='ocr_line' id='line_1_8' title="bbox 184 1044 1403 1174; baseline -0.002 -37"><span class='ocrx_word' id='word_1_64' title='bbox 184 1044 303 1174; x_wconf 54' lang='lat' dir='ltr'>ffi⁰</span> <span class='ocrx_word' id='word_1_65' title='bbox 354 1073 448 1137; x_wconf 92' lang='lat' dir='ltr'>modo</span> <span class='ocrx_word' id='word_1_66' title='bbox 461 1091 614 1156; x_wconf 85' lang='lat' dir='ltr'>agrorum,</span> <span class='ocrx_word' id='word_1_67' title='bbox 633 1092 672 1134; x_wconf 89' lang='lat' dir='ltr'>ne</span> <span class='ocrx_word' id='word_1_68' title='bbox 692 1071 761 1152; x_wconf 88' lang='lat' dir='ltr'>quis</span> <span class='ocrx_word' id='word_1_69' title='bbox 775 1070 844 1154; x_wconf 91' lang='lat' dir='ltr'>plus</span> <span class='ocrx_word' id='word_1_70' title='bbox 868 1071 1075 1153; x_wconf 76' lang='lat' dir='ltr'>“quingenta</span> <span class='ocrx_word' id='word_1_71' title='bbox 1093 1069 1204 1154; x_wconf 84' lang='lat' dir='ltr'>jugera</span> <span class='ocrx_word' id='word_1_72' title='bbox 1224 1074 1287 1154; x_wconf 87' lang='lat' dir='ltr'>agri</span> <span class='ocrx_word' id='word_1_73' title='bbox 1302 1073 1403 1156; x_wconf 90' lang='lat' dir='ltr'>possi-</span> 
     </span>
     <span class='ocr_line' id='line_1_9' title="bbox 185 1147 1402 1238; baseline -0.004 -12"><span class='ocrx_word' id='word_1_74' title='bbox 185 1176 225 1226; x_wconf 73' lang='lat' dir='ltr'>De</span> <span class='ocrx_word' id='word_1_75' title='bbox 236 1147 341 1228; x_wconf 72' lang='grc' dir='ltr'><strong>ωηιῖιιι-</strong></span> <span class='ocrx_word' id='word_1_76' title='bbox 356 1163 462 1224; x_wconf 80' lang='lat' dir='ltr'>deret:</span> <span class='ocrx_word' id='word_1_77' title='bbox 486 1159 621 1237; x_wconf 86' lang='lat' dir='ltr'>tertiam,</span> <span class='ocrx_word' id='word_1_78' title='bbox 636 1179 675 1220; x_wconf 88' lang='lat' dir='ltr'>ne</span> <span class='ocrx_word' id='word_1_79' title='bbox 690 1157 882 1221; x_wconf 81' lang='lat' dir='ltr'>tribrmorum</span> <span class='ocrx_word' id='word_1_80' title='bbox 898 1156 1032 1220; x_wconf 88' lang='lat' dir='ltr'>militum</span> <span class='ocrx_word' id='word_1_81' title='bbox 1046 1159 1173 1221; x_wconf 88' lang='lat' dir='ltr'>comitia</span> <span class='ocrx_word' id='word_1_82' title='bbox 1186 1159 1304 1238; x_wconf 79' lang='lat' dir='ltr'>fierent,</span> <span class='ocrx_word' id='word_1_83' title='bbox 1327 1178 1402 1221; x_wconf 90' lang='lat' dir='ltr'>con-</span> 
     </span>
     <span class='ocr_line' id='line_1_10' title="bbox 186 1243 1405 1330; baseline -0.002 -22"><span class='ocrx_word' id='word_1_84' title='bbox 186 1253 213 1292; x_wconf 78' lang='lat' dir='ltr'>tu</span> <span class='ocrx_word' id='word_1_85' title='bbox 223 1243 321 1308; x_wconf 76' lang='lat' dir='ltr'>plebeto.</span> <span class='ocrx_word' id='word_1_86' title='bbox 354 1247 515 1328; x_wconf 86' lang='lat' dir='ltr'>solumque</span> <span class='ocrx_word' id='word_1_87' title='bbox 530 1247 557 1285; x_wconf 80' lang='lat'>⁴¹</span> <span class='ocrx_word' id='word_1_88' title='bbox 568 1245 673 1327; x_wconf 92' lang='lat' dir='ltr'>utique</span> <span class='ocrx_word' id='word_1_89' title='bbox 688 1245 766 1307; x_wconf 87' lang='lat' dir='ltr'>alter</span> <span class='ocrx_word' id='word_1_90' title='bbox 788 1265 828 1307; x_wconf 84' lang='lat' dir='ltr'>ex</span> <span class='ocrx_word' id='word_1_91' title='bbox 847 1244 937 1328; x_wconf 84' lang='lat' dir='ltr'>plebe</span> <span class='ocrx_word' id='word_1_92' title='bbox 953 1256 1116 1309; x_wconf 82' lang='lat' dir='ltr'>crearetur.</span> <span class='ocrx_word' id='word_1_93' title='bbox 1131 1258 1243 1308; x_wconf 84' lang='lat' dir='ltr'>cuncta</span> <span class='ocrx_word' id='word_1_94' title='bbox 1256 1246 1405 1330; x_wconf 86' lang='lat' dir='ltr'>ingentia,</span> 
     </span>
     <span class='ocr_line' id='line_1_11' title="bbox 354 1331 1404 1417; baseline -0.003 -19"><span class='ocrx_word' id='word_1_95' title='bbox 354 1345 386 1398; x_wconf 88' lang='lat' dir='ltr'>et</span> <span class='ocrx_word' id='word_1_96' title='bbox 401 1354 467 1415; x_wconf 83' lang='lat' dir='ltr'>quae</span> <span class='ocrx_word' id='word_1_97' title='bbox 485 1335 551 1396; x_wconf 88' lang='lat' dir='ltr'>sine</span> <span class='ocrx_word' id='word_1_98' title='bbox 567 1333 734 1396; x_wconf 85' lang='lat' dir='ltr'>certamine</span> <span class='ocrx_word' id='word_1_99' title='bbox 751 1331 887 1394; x_wconf 85' lang='lat' dir='ltr'>maximo</span> <span class='ocrx_word' id='word_1_100' title='bbox 910 1331 1041 1396; x_wconf 86' lang='lat' dir='ltr'>obtineri</span> <span class='ocrx_word' id='word_1_101' title='bbox 1062 1354 1125 1395; x_wconf 90' lang='lat' dir='ltr'>non</span> <span class='ocrx_word' id='word_1_102' title='bbox 1148 1343 1284 1417; x_wconf 76' lang='lat' dir='ltr'>possent</span> <span class='ocrx_word' id='word_1_103' title='bbox 1326 1333 1404 1395; x_wconf 89' lang='lat' dir='ltr'>Om-</span> 
     </span>
     <span class='ocr_line' id='line_1_12' title="bbox 354 1417 1407 1505; baseline -0.004 -21"><span class='ocrx_word' id='word_1_104' title='bbox 354 1423 440 1484; x_wconf 87' lang='lat' dir='ltr'>nium</span> <span class='ocrx_word' id='word_1_105' title='bbox 466 1421 561 1504; x_wconf 85' lang='lat' dir='ltr'>igitur</span> <span class='ocrx_word' id='word_1_106' title='bbox 587 1417 677 1482; x_wconf 73' lang='lat' dir='ltr'>simin</span> <span class='ocrx_word' id='word_1_107' title='bbox 701 1439 813 1498; x_wconf 89' lang='lat' dir='ltr'>rerum,</span> <span class='ocrx_word' id='word_1_108' title='bbox 846 1439 975 1501; x_wconf 89' lang='lat' dir='ltr'>quarum</span> <span class='ocrx_word' id='word_1_109' title='bbox 1001 1419 1160 1483; x_wconf 87' lang='lat' dir='ltr'>inmodica</span> <span class='ocrx_word' id='word_1_110' title='bbox 1187 1419 1300 1505; x_wconf 92' lang='lat' dir='ltr'>cupido</span> <span class='ocrx_word' id='word_1_111' title='bbox 1326 1421 1407 1482; x_wconf 91' lang='lat' dir='ltr'>inter</span> 
     </span>
     <span class='ocr_line' id='line_1_13' title="bbox 353 1505 1407 1592; baseline -0.003 -22"><span class='ocrx_word' id='word_1_112' title='bbox 353 1507 499 1570; x_wconf 73' lang='lat' dir='ltr'>mortales</span> <span class='ocrx_word' id='word_1_113' title='bbox 515 1517 573 1586; x_wconf 88' lang='lat' dir='ltr'>est,</span> <span class='ocrx_word' id='word_1_114' title='bbox 596 1507 673 1590; x_wconf 83' lang='lat' dir='ltr'>agri,</span> <span class='ocrx_word' id='word_1_115' title='bbox 693 1506 840 1589; x_wconf 75' lang='lat' dir='ltr'>pecunia,</span> <span class='ocrx_word' id='word_1_116' title='bbox 862 1505 1029 1588; x_wconf 90' lang='lat' dir='ltr'>honorum,</span> <span class='ocrx_word' id='word_1_117' title='bbox 1045 1507 1221 1570; x_wconf 83' lang='lat' dir='ltr'>discrimine</span> <span class='ocrx_word' id='word_1_118' title='bbox 1237 1508 1407 1592; x_wconf 87' lang='lat' dir='ltr'>proposito,</span> 
     </span>
     <span class='ocr_line' id='line_1_14' title="bbox 354 1591 1408 1678; baseline -0.003 -19"><span class='ocrx_word' id='word_1_119' title='bbox 354 1595 513 1659; x_wconf 77' lang='lat' dir='ltr'>conterriti</span> <span class='ocrx_word' id='word_1_120' title='bbox 543 1591 648 1655; x_wconf 86' lang='lat' dir='ltr'>Patres</span> <span class='ocrx_word' id='word_1_121' title='bbox 682 1613 776 1675; x_wconf 90' lang='lat' dir='ltr'>quum</span> <span class='ocrx_word' id='word_1_122' title='bbox 807 1595 1025 1678; x_wconf 78' lang='lat' dir='ltr'>trepidassent,</span> <span class='ocrx_word' id='word_1_123' title='bbox 1061 1593 1191 1678; x_wconf 90' lang='lat' dir='ltr'>publicis</span> <span class='ocrx_word' id='word_1_124' title='bbox 1220 1593 1408 1678; x_wconf 83' lang='lat' dir='ltr'>privatisque</span> 
     </span>
     <span class='ocr_line' id='line_1_15' title="bbox 355 1678 1407 1766; baseline -0.001 -22"><span class='ocrx_word' id='word_1_125' title='bbox 355 1681 489 1744; x_wconf 90' lang='lat' dir='ltr'>consiliis</span> <span class='ocrx_word' id='word_1_126' title='bbox 519 1679 604 1742; x_wconf 92' lang='lat' dir='ltr'>nullo</span> <span class='ocrx_word' id='word_1_127' title='bbox 637 1678 774 1744; x_wconf 88' lang='lat' dir='ltr'>remedio</span> <span class='ocrx_word' id='word_1_128' title='bbox 797 1678 869 1759; x_wconf 88' lang='lat' dir='ltr'>alio,</span> <span class='ocrx_word' id='word_1_129' title='bbox 900 1693 1011 1764; x_wconf 72' lang='lat' dir='ltr'>preter</span> <span class='ocrx_word' id='word_1_130' title='bbox 1033 1695 1192 1766; x_wconf 88' lang='lat' dir='ltr'>expertam</span> <span class='ocrx_word' id='word_1_131' title='bbox 1215 1681 1321 1744; x_wconf 91' lang='lat' dir='ltr'>multis</span> <span class='ocrx_word' id='word_1_132' title='bbox 1339 1679 1407 1763; x_wconf 89' lang='lat' dir='ltr'>jam</span> 
     </span>
     <span class='ocr_line' id='line_1_16' title="bbox 354 1765 1407 1850; baseline -0.004 -18"><span class='ocrx_word' id='word_1_133' title='bbox 354 1781 426 1832; x_wconf 80' lang='lat' dir='ltr'>mse</span> <span class='ocrx_word' id='word_1_134' title='bbox 450 1765 667 1832; x_wconf 82' lang='lat' dir='ltr'>certaminibus</span> <span class='ocrx_word' id='word_1_135' title='bbox 692 1767 954 1847; x_wconf 87' lang='lat' dir='ltr'>intercessionem,</span> <span class='ocrx_word' id='word_1_136' title='bbox 979 1766 1113 1848; x_wconf 87' lang='lat' dir='ltr'>invento,</span> <span class='ocrx_word' id='word_1_137' title='bbox 1139 1769 1274 1850; x_wconf 85' lang='lat' dir='ltr'>collegas</span> <span class='ocrx_word' id='word_1_138' title='bbox 1298 1767 1407 1829; x_wconf 87' lang='lat' dir='ltr'>sdver-</span> 
     </span>
     <span class='ocr_line' id='line_1_17' title="bbox 354 1853 1406 1938; baseline -0.002 -22"><span class='ocrx_word' id='word_1_139' title='bbox 354 1873 405 1916; x_wconf 91' lang='lat' dir='ltr'>sus</span> <span class='ocrx_word' id='word_1_140' title='bbox 431 1854 609 1917; x_wconf 85' lang='lat' dir='ltr'>tribunicias</span> <span class='ocrx_word' id='word_1_141' title='bbox 635 1853 810 1938; x_wconf 83' lang='lat' dir='ltr'>rogationes</span> <span class='ocrx_word' id='word_1_142' title='bbox 841 1865 1102 1938; x_wconf 84' lang='lat' dir='ltr'>comparaverunt.</span> <span class='ocrx_word' id='word_1_143' title='bbox 1128 1855 1191 1936; x_wconf 90' lang='lat' dir='ltr'>qui,</span> <span class='ocrx_word' id='word_1_144' title='bbox 1223 1853 1276 1914; x_wconf 91' lang='lat' dir='ltr'>ubi</span> <span class='ocrx_word' id='word_1_145' title='bbox 1308 1853 1406 1915; x_wconf 89' lang='lat' dir='ltr'>tribus</span> 
     </span>
     <span class='ocr_line' id='line_1_18' title="bbox 354 1934 1405 2024; baseline 0 -22"><span class='ocrx_word' id='word_1_146' title='bbox 354 1939 395 2002; x_wconf 88' lang='lat' dir='ltr'>ad</span> <span class='ocrx_word' id='word_1_147' title='bbox 418 1941 596 2024; x_wconf 82' lang='lat' dir='ltr'>srrffragiom</span> <span class='ocrx_word' id='word_1_148' title='bbox 619 1939 787 2002; x_wconf 90' lang='lat' dir='ltr'>ineundum</span> <span class='ocrx_word' id='word_1_149' title='bbox 810 1939 898 2003; x_wconf 76' lang='lat' dir='ltr'>citari</span> <span class='ocrx_word' id='word_1_150' title='bbox 921 1934 1092 2020; x_wconf 65' lang='lat' dir='ltr'>siricinio,</span> <span class='ocrx_word' id='word_1_151' title='bbox 1122 1937 1289 2021; x_wconf 86' lang='lat' dir='ltr'>Sextioque</span> <span class='ocrx_word' id='word_1_152' title='bbox 1319 1940 1405 2002; x_wconf 82' lang='lat' dir='ltr'>vide-</span> 
     </span>
     <span class='ocr_line' id='line_1_19' title="bbox 354 2021 1405 2112; baseline -0.001 -22"><span class='ocrx_word' id='word_1_153' title='bbox 354 2039 436 2107; x_wconf 85' lang='lat' dir='ltr'>nmt,</span> <span class='ocrx_word' id='word_1_154' title='bbox 459 2026 564 2112; x_wconf 80' lang='lat' dir='ltr'>stipati</span> <span class='ocrx_word' id='word_1_155' title='bbox 587 2021 711 2090; x_wconf 87' lang='lat' dir='ltr'>Patrurn</span> <span class='ocrx_word' id='word_1_156' title='bbox 733 2027 894 2111; x_wconf 78' lang='lat' dir='ltr'>presidiis,</span> <span class='ocrx_word' id='word_1_157' title='bbox 917 2047 974 2091; x_wconf 90' lang='lat' dir='ltr'>nec</span> <span class='ocrx_word' id='word_1_158' title='bbox 996 2029 1118 2090; x_wconf 89' lang='lat' dir='ltr'>recitari</span> <span class='ocrx_word' id='word_1_159' title='bbox 1139 2026 1325 2110; x_wconf 84' lang='lat' dir='ltr'>rogationes,</span> <span class='ocrx_word' id='word_1_160' title='bbox 1346 2047 1405 2089; x_wconf 91' lang='lat' dir='ltr'>ncc</span> 
     </span>
     <span class='ocr_line' id='line_1_20' title="bbox 355 2113 1406 2198; baseline -0.001 -22"><span class='ocrx_word' id='word_1_161' title='bbox 355 2113 503 2176; x_wconf 88' lang='lat' dir='ltr'>sollemne</span> <span class='ocrx_word' id='word_1_162' title='bbox 526 2113 694 2196; x_wconf 87' lang='lat' dir='ltr'>quidquam</span> <span class='ocrx_word' id='word_1_163' title='bbox 725 2113 811 2176; x_wconf 88' lang='lat' dir='ltr'>aliud</span> <span class='ocrx_word' id='word_1_164' title='bbox 842 2113 883 2177; x_wconf 91' lang='lat' dir='ltr'>ad</span> <span class='ocrx_word' id='word_1_165' title='bbox 914 2114 1106 2176; x_wconf 88' lang='lat' dir='ltr'>sciscendum</span> <span class='ocrx_word' id='word_1_166' title='bbox 1133 2113 1214 2197; x_wconf 91' lang='lat' dir='ltr'>plebi</span> <span class='ocrx_word' id='word_1_167' title='bbox 1236 2113 1302 2175; x_wconf 86' lang='lat' dir='ltr'>lieri</span> <span class='ocrx_word' id='word_1_168' title='bbox 1324 2115 1406 2198; x_wconf 89' lang='lat' dir='ltr'>passi</span> 
     </span>
     <span class='ocr_line' id='line_1_21' title="bbox 355 2197 1408 2287; baseline 0.002 -27"><span class='ocrx_word' id='word_1_169' title='bbox 355 2211 435 2262; x_wconf 86' lang='lat' dir='ltr'>sunt.</span> <span class='ocrx_word' id='word_1_170' title='bbox 478 2197 611 2282; x_wconf 85' lang='lat' dir='ltr'>Jamque</span> <span class='ocrx_word' id='word_1_171' title='bbox 633 2201 746 2263; x_wconf 83' lang='lat' dir='ltr'>frustra</span> <span class='ocrx_word' id='word_1_172' title='bbox 773 2221 853 2284; x_wconf 74' lang='lat' dir='ltr'>sepe</span> <span class='ocrx_word' id='word_1_173' title='bbox 880 2201 1014 2264; x_wconf 92' lang='lat' dir='ltr'>concilio</span> <span class='ocrx_word' id='word_1_174' title='bbox 1046 2200 1207 2280; x_wconf 83' lang='lat' dir='ltr'>advocato,</span> <span class='ocrx_word' id='word_1_175' title='bbox 1235 2219 1329 2287; x_wconf 91' lang='lat' dir='ltr'>quum</span> <span class='ocrx_word' id='word_1_176' title='bbox 1351 2222 1408 2286; x_wconf 94' lang='lat' dir='ltr'>pro</span> 
     </span>
     <span class='ocr_line' id='line_1_22' title="bbox 355 2284 1411 2370; baseline 0.005 -25"><span class='ocrx_word' id='word_1_177' title='bbox 355 2285 522 2366; x_wconf 88' lang='lat' dir='ltr'>antiquatis</span> <span class='ocrx_word' id='word_1_178' title='bbox 547 2286 723 2368; x_wconf 85' lang='lat' dir='ltr'>rogationes</span> <span class='ocrx_word' id='word_1_179' title='bbox 745 2298 868 2368; x_wconf 84' lang='lat' dir='ltr'>essent3</span> <span class='ocrx_word' id='word_1_180' title='bbox 892 2284 1005 2350; x_wconf 81' lang='lat' dir='ltr'>‘Bene</span> <span class='ocrx_word' id='word_1_181' title='bbox 1024 2285 1141 2368; x_wconf 89' lang='lat' dir='ltr'>habet,&#39;</span> <span class='ocrx_word' id='word_1_182' title='bbox 1160 2289 1262 2370; x_wconf 87' lang='lat' dir='ltr'>inquit</span> <span class='ocrx_word' id='word_1_183' title='bbox 1277 2285 1411 2351; x_wconf 85' lang='lat' dir='ltr'>Sextius.</span> 
     </span>
     <span class='ocr_line' id='line_1_23' title="bbox 354 2370 1409 2460; baseline 0.003 -27"><span class='ocrx_word' id='word_1_184' title='bbox 354 2370 630 2453; x_wconf 87' lang='lat' dir='ltr'>‘quandoquidem</span> <span class='ocrx_word' id='word_1_185' title='bbox 652 2383 773 2435; x_wconf 84' lang='lat' dir='ltr'>tantum</span> <span class='ocrx_word' id='word_1_186' title='bbox 795 2375 1049 2437; x_wconf 86' lang='lat' dir='ltr'>intercessionem</span> <span class='ocrx_word' id='word_1_187' title='bbox 1073 2376 1190 2460; x_wconf 90' lang='lat' dir='ltr'>pollere</span> <span class='ocrx_word' id='word_1_188' title='bbox 1213 2376 1327 2460; x_wconf 87' lang='lat' dir='ltr'>placet,</span> <span class='ocrx_word' id='word_1_189' title='bbox 1348 2375 1409 2437; x_wconf 88' lang='lat' dir='ltr'>isto</span> 
     </span>
     <span class='ocr_line' id='line_1_24' title="bbox 356 2455 1411 2544; baseline 0.004 -25"><span class='ocrx_word' id='word_1_190' title='bbox 356 2457 450 2542; x_wconf 87' lang='lat' dir='ltr'>‘ipso</span> <span class='ocrx_word' id='word_1_191' title='bbox 473 2455 537 2520; x_wconf 88' lang='lat' dir='ltr'>telo</span> <span class='ocrx_word' id='word_1_192' title='bbox 553 2459 721 2521; x_wconf 81' lang='lat' dir='ltr'>tutabimur</span> <span class='ocrx_word' id='word_1_193' title='bbox 736 2457 868 2542; x_wconf 83' lang='lat' dir='ltr'>plebem.</span> <span class='ocrx_word' id='word_1_194' title='bbox 913 2461 1095 2544; x_wconf 84' lang='lat' dir='ltr'>Agitedum,</span> <span class='ocrx_word' id='word_1_195' title='bbox 1121 2461 1249 2526; x_wconf 85' lang='lat' dir='ltr'>comitia</span> <span class='ocrx_word' id='word_1_196' title='bbox 1274 2460 1411 2540; x_wconf 83' lang='lat' dir='ltr'>indicite,</span> 
     </span>
     <span class='ocr_line' id='line_1_25' title="bbox 357 2535 1410 2633; baseline 0.006 -28"><span class='ocrx_word' id='word_1_197' title='bbox 357 2535 499 2626; x_wconf 65' lang='lat' dir='ltr'>‘Patres</span> <span class='ocrx_word' id='word_1_198' title='bbox 522 2545 651 2609; x_wconf 87' lang='lat' dir='ltr'>tribunis</span> <span class='ocrx_word' id='word_1_199' title='bbox 673 2543 807 2610; x_wconf 89' lang='lat' dir='ltr'>militum</span> <span class='ocrx_word' id='word_1_200' title='bbox 827 2547 979 2611; x_wconf 87' lang='lat' dir='ltr'>creandis.</span> <span class='ocrx_word' id='word_1_201' title='bbox 995 2548 1079 2630; x_wconf 86' lang='lat' dir='ltr'>laxo,</span> <span class='ocrx_word' id='word_1_202' title='bbox 1101 2569 1140 2613; x_wconf 87' lang='lat' dir='ltr'>ne</span> <span class='ocrx_word' id='word_1_203' title='bbox 1159 2547 1247 2633; x_wconf 88' lang='lat' dir='ltr'>juvet</span> <span class='ocrx_word' id='word_1_204' title='bbox 1261 2570 1319 2613; x_wconf 88' lang='lat' dir='ltr'>vox</span> <span class='ocrx_word' id='word_1_205' title='bbox 1341 2551 1410 2629; x_wconf 84' lang='lat' dir='ltr'>ista,</span> 
     </span>
     <span class='ocr_line' id='line_1_26' title="bbox 358 2630 1409 2719; baseline 0.003 -25"><span class='ocrx_word' id='word_1_206' title='bbox 358 2630 370 2663; x_wconf 91' lang='lat'>‘</span> <span class='ocrx_word' id='word_1_207' title='bbox 497 2680 507 2713; x_wconf 92' lang='lat'>‚</span> <span class='ocrx_word' id='word_1_208' title='bbox 538 2652 599 2715; x_wconf 88' lang='lat' dir='ltr'>qua</span> <span class='ocrx_word' id='word_1_209' title='bbox 613 2652 695 2696; x_wconf 90' lang='lat' dir='ltr'>nunc</span> <span class='ocrx_word' id='word_1_210' title='bbox 719 2636 917 2697; x_wconf 85' lang='lat' dir='ltr'>concinentes</span> <span class='ocrx_word' id='word_1_211' title='bbox 944 2636 1080 2719; x_wconf 82' lang='lat' dir='ltr'>collegas</span> <span class='ocrx_word' id='word_1_212' title='bbox 1107 2647 1229 2699; x_wconf 90' lang='lat' dir='ltr'>nostros</span> <span class='ocrx_word' id='word_1_213' title='bbox 1258 2648 1322 2699; x_wconf 86' lang='lat' dir='ltr'>tam</span> <span class='ocrx_word' id='word_1_214' title='bbox 1350 2637 1409 2699; x_wconf 78' lang='lat' dir='ltr'>leti</span> 
     </span>
     <span class='ocr_line' id='line_1_27' title="bbox 360 2716 1411 2805; baseline 0.002 -24"><span class='ocrx_word' id='word_1_215' title='bbox 360 2717 518 2782; x_wconf 75' lang='lat' dir='ltr'>‘auditis&#39;</span> <span class='ocrx_word' id='word_1_216' title='bbox 578 2716 674 2783; x_wconf 88' lang='lat' dir='ltr'>Haud</span> <span class='ocrx_word' id='word_1_217' title='bbox 707 2720 799 2785; x_wconf 75' lang='lat' dir='ltr'>irrite</span> <span class='ocrx_word' id='word_1_218' title='bbox 829 2717 966 2786; x_wconf 89' lang='lat' dir='ltr'>cecidere</span> <span class='ocrx_word' id='word_1_219' title='bbox 997 2723 1105 2785; x_wconf 80' lang='lat' dir='ltr'>minse:</span> <span class='ocrx_word' id='word_1_220' title='bbox 1135 2724 1270 2805; x_wconf 83' lang='lat' dir='ltr'>comitia,</span> <span class='ocrx_word' id='word_1_221' title='bbox 1300 2732 1411 2805; x_wconf 83' lang='lat' dir='ltr'>praeter</span> 
     </span>
     <span class='ocr_line' id='line_1_28' title="bbox 359 2800 1408 2893; baseline 0 -24"><span class='ocrx_word' id='word_1_222' title='bbox 359 2800 493 2869; x_wconf 73' lang='lat' dir='ltr'>edilium</span> <span class='ocrx_word' id='word_1_223' title='bbox 508 2806 758 2891; x_wconf 89' lang='lat' dir='ltr'>tribunorumque</span> <span class='ocrx_word' id='word_1_224' title='bbox 784 2808 895 2893; x_wconf 91' lang='lat' dir='ltr'>plebis,</span> <span class='ocrx_word' id='word_1_225' title='bbox 916 2808 1000 2873; x_wconf 89' lang='lat' dir='ltr'>nulla</span> <span class='ocrx_word' id='word_1_226' title='bbox 1020 2822 1091 2871; x_wconf 90' lang='lat' dir='ltr'>sunt</span> <span class='ocrx_word' id='word_1_227' title='bbox 1110 2808 1227 2871; x_wconf 90' lang='lat' dir='ltr'>habita.</span> <span class='ocrx_word' id='word_1_228' title='bbox 1272 2804 1408 2871; x_wconf 82' lang='lat' dir='ltr'>Licinius</span> 
     </span>
     <span class='ocr_line' id='line_1_29' title="bbox 361 2890 1410 2979; baseline 0 -23"><span class='ocrx_word' id='word_1_229' title='bbox 361 2890 556 2979; x_wconf 84' lang='lat' dir='ltr'>Sextiusque,</span> <span class='ocrx_word' id='word_1_230' title='bbox 571 2894 685 2959; x_wconf 92' lang='lat' dir='ltr'>tribuni</span> <span class='ocrx_word' id='word_1_231' title='bbox 701 2894 801 2978; x_wconf 89' lang='lat' dir='ltr'>plebis</span> <span class='ocrx_word' id='word_1_232' title='bbox 821 2896 938 2977; x_wconf 83' lang='lat' dir='ltr'>refecti,</span> <span class='ocrx_word' id='word_1_233' title='bbox 959 2894 1060 2958; x_wconf 89' lang='lat' dir='ltr'>nullos</span> <span class='ocrx_word' id='word_1_234' title='bbox 1078 2895 1195 2959; x_wconf 90' lang='lat' dir='ltr'>curules</span> <span class='ocrx_word' id='word_1_235' title='bbox 1211 2896 1410 2979; x_wconf 80' lang='lat' dir='ltr'>magistratus</span> 
     </span>
     <span class='ocr_line' id='line_1_30' title="bbox 362 2980 1413 3067; baseline 0 -24"><span class='ocrx_word' id='word_1_236' title='bbox 362 2982 456 3043; x_wconf 88' lang='lat' dir='ltr'>creari</span> <span class='ocrx_word' id='word_1_237' title='bbox 471 2982 552 3065; x_wconf 84' lang='lat' dir='ltr'>passi</span> <span class='ocrx_word' id='word_1_238' title='bbox 568 2993 761 3065; x_wconf 78' lang='lat' dir='ltr'>sontesque</span> <span class='ocrx_word' id='word_1_239' title='bbox 777 2982 912 3046; x_wconf 89' lang='lat' dir='ltr'>solitudo</span> <span class='ocrx_word' id='word_1_240' title='bbox 927 2985 1172 3067; x_wconf 84' lang='lat' dir='ltr'>magistratuum,</span> <span class='ocrx_word' id='word_1_241' title='bbox 1187 2994 1220 3045; x_wconf 91' lang='lat' dir='ltr'>et</span> <span class='ocrx_word' id='word_1_242' title='bbox 1235 2982 1323 3066; x_wconf 83' lang='lat' dir='ltr'>plebe</span> <span class='ocrx_word' id='word_1_243' title='bbox 1339 2980 1413 3044; x_wconf 85' lang='lat' dir='ltr'>reli·</span> 
     </span>
     <span class='ocr_line' id='line_1_31' title="bbox 362 3066 1413 3149; baseline 0 -18"><span class='ocrx_word' id='word_1_244' title='bbox 362 3068 463 3131; x_wconf 88' lang='lat' dir='ltr'>ciente</span> <span class='ocrx_word' id='word_1_245' title='bbox 478 3066 555 3132; x_wconf 86' lang='lat' dir='ltr'>doos</span> <span class='ocrx_word' id='word_1_246' title='bbox 570 3071 719 3149; x_wconf 89' lang='lat' dir='ltr'>tribunos,</span> <span class='ocrx_word' id='word_1_247' title='bbox 737 3080 769 3133; x_wconf 91' lang='lat' dir='ltr'>et</span> <span class='ocrx_word' id='word_1_248' title='bbox 788 3070 837 3132; x_wconf 87' lang='lat' dir='ltr'>his</span> <span class='ocrx_word' id='word_1_249' title='bbox 853 3071 980 3133; x_wconf 88' lang='lat' dir='ltr'>comitia</span> <span class='ocrx_word' id='word_1_250' title='bbox 995 3070 1184 3133; x_wconf 89' lang='lat' dir='ltr'>tribunorum</span> <span class='ocrx_word' id='word_1_251' title='bbox 1199 3068 1333 3133; x_wconf 88' lang='lat' dir='ltr'>rnilitum</span> <span class='ocrx_word' id='word_1_252' title='bbox 1348 3068 1413 3133; x_wconf 89' lang='lat' dir='ltr'>tol-</span> 
     </span>
     <span class='ocr_line' id='line_1_32' title="bbox 363 3154 1077 3244; baseline 0.006 -28"><span class='ocrx_word' id='word_1_253' title='bbox 363 3154 504 3235; x_wconf 87' lang='lat' dir='ltr'>lentibus,</span> <span class='ocrx_word' id='word_1_254' title='bbox 545 3178 577 3219; x_wconf 90' lang='lat' dir='ltr'>er</span> <span class='ocrx_word' id='word_1_255' title='bbox 589 3157 828 3244; x_wconf 87' lang='lat' dir='ltr'>quinquennium</span> <span class='ocrx_word' id='word_1_256' title='bbox 842 3160 950 3221; x_wconf 90' lang='lat' dir='ltr'>urbem</span> <span class='ocrx_word' id='word_1_257' title='bbox 966 3158 1077 3221; x_wconf 87' lang='lat' dir='ltr'>tenuit.</span> 
     </span>
     <span class='ocr_line' id='line_1_33' title="bbox 365 3178 1412 3327; baseline 0.001 -20"><span class='ocrx_word' id='word_1_258' title='bbox 365 3244 369 3254; x_wconf 79' lang='grc'><strong>“</strong></span> <span class='ocrx_word' id='word_1_259' title='bbox 404 3178 552 3307; x_wconf 48' lang='grc' dir='ltr'><strong>ΧΧΧΣῆ.</strong></span> <span class='ocrx_word' id='word_1_260' title='bbox 583 3242 654 3307; x_wconf 88' lang='lat' dir='ltr'>Alia</span> <span class='ocrx_word' id='word_1_261' title='bbox 681 3243 764 3306; x_wconf 85' lang='lat' dir='ltr'>bella</span> <span class='ocrx_word' id='word_1_262' title='bbox 793 3254 967 3327; x_wconf 90' lang='lat' dir='ltr'>opportune</span> <span class='ocrx_word' id='word_1_263' title='bbox 998 3244 1157 3325; x_wconf 82' lang='lat' dir='ltr'>quievere:</span> <span class='ocrx_word' id='word_1_264' title='bbox 1179 3239 1330 3309; x_wconf 80' lang='lat' dir='ltr'>Veliterni</span> <span class='ocrx_word' id='word_1_265' title='bbox 1357 3265 1412 3308; x_wconf 88' lang='lat' dir='ltr'>co·</span> 
     </span>
     <span class='ocr_line' id='line_1_34' title="bbox 361 3328 1413 3413; baseline 0.005 -22"><span class='ocrx_word' id='word_1_266' title='bbox 361 3330 435 3408; x_wconf 88' lang='lat' dir='ltr'>loni,</span> <span class='ocrx_word' id='word_1_267' title='bbox 449 3332 477 3371; x_wconf 81' lang='lat'>⁴⁸</span> <span class='ocrx_word' id='word_1_268' title='bbox 486 3330 653 3413; x_wconf 84' lang='lat' dir='ltr'>gestientes</span> <span class='ocrx_word' id='word_1_269' title='bbox 667 3332 743 3412; x_wconf 87' lang='lat' dir='ltr'>otio,</span> <span class='ocrx_word' id='word_1_270' title='bbox 758 3331 842 3413; x_wconf 91' lang='lat' dir='ltr'>quod</span> <span class='ocrx_word' id='word_1_271' title='bbox 863 3328 964 3393; x_wconf 82' lang='lat' dir='ltr'>nullus</span> <span class='ocrx_word' id='word_1_272' title='bbox 979 3332 1132 3394; x_wconf 87' lang='lat' dir='ltr'>exercitus</span> <span class='ocrx_word' id='word_1_273' title='bbox 1146 3330 1306 3395; x_wconf 87' lang='lat' dir='ltr'>Romanus</span> <span class='ocrx_word' id='word_1_274' title='bbox 1322 3341 1413 3413; x_wconf 80' lang='lat' dir='ltr'>esset,</span> 
     </span>
     <span class='ocr_line' id='line_1_35' title="bbox 361 3415 1412 3501; baseline 0.003 -22"><span class='ocrx_word' id='word_1_275' title='bbox 361 3424 393 3480; x_wconf 89' lang='lat' dir='ltr'>et</span> <span class='ocrx_word' id='word_1_276' title='bbox 420 3422 527 3497; x_wconf 85' lang='lat' dir='ltr'>agrum</span> <span class='ocrx_word' id='word_1_277' title='bbox 556 3416 731 3478; x_wconf 88' lang='lat' dir='ltr'>Romanum</span> <span class='ocrx_word' id='word_1_278' title='bbox 761 3415 924 3501; x_wconf 87' lang='lat' dir='ltr'>aliquoties</span> <span class='ocrx_word' id='word_1_279' title='bbox 950 3417 1153 3500; x_wconf 84' lang='lat' dir='ltr'>incursavere,</span> <span class='ocrx_word' id='word_1_280' title='bbox 1184 3432 1217 3483; x_wconf 88' lang='lat' dir='ltr'>et</span> <span class='ocrx_word' id='word_1_281' title='bbox 1243 3418 1412 3483; x_wconf 77' lang='lat' dir='ltr'>&#39;lirsculum</span> 
     </span>
     <span class='ocr_line' id='line_1_36' title="bbox 361 3500 1411 3585; baseline 0.006 -24"><span class='ocrx_word' id='word_1_282' title='bbox 361 3500 537 3583; x_wconf 82' lang='lat' dir='ltr'>obpugnare</span> <span class='ocrx_word' id='word_1_283' title='bbox 558 3500 657 3563; x_wconf 91' lang='lat' dir='ltr'>adorti</span> <span class='ocrx_word' id='word_1_284' title='bbox 680 3510 761 3565; x_wconf 85' lang='lat' dir='ltr'>sunt.</span> <span class='ocrx_word' id='word_1_285' title='bbox 786 3522 882 3585; x_wconf 86' lang='lat' dir='ltr'>eaque</span> <span class='ocrx_word' id='word_1_286' title='bbox 905 3520 965 3583; x_wconf 89' lang='lat' dir='ltr'>res,</span> <span class='ocrx_word' id='word_1_287' title='bbox 986 3502 1169 3568; x_wconf 85' lang='lat' dir='ltr'>Tusculanis</span> <span class='ocrx_word' id='word_1_288' title='bbox 1192 3508 1343 3570; x_wconf 86' lang='lat' dir='ltr'>veteribus</span> <span class='ocrx_word' id='word_1_289' title='bbox 1359 3530 1411 3567; x_wconf 90' lang='lat' dir='ltr'>so-</span> 
     </span>
     <span class='ocr_line' id='line_1_37' title="bbox 361 3584 1408 3674; baseline 0.008 -27"><span class='ocrx_word' id='word_1_290' title='bbox 361 3584 427 3664; x_wconf 88' lang='lat' dir='ltr'>ciis,</span> <span class='ocrx_word' id='word_1_291' title='bbox 449 3586 534 3647; x_wconf 83' lang='lat' dir='ltr'>novis</span> <span class='ocrx_word' id='word_1_292' title='bbox 547 3586 674 3669; x_wconf 78' lang='lat' dir='ltr'>civibus,</span> <span class='ocrx_word' id='word_1_293' title='bbox 697 3608 788 3674; x_wconf 92' lang='lat' dir='ltr'>opem</span> <span class='ocrx_word' id='word_1_294' title='bbox 803 3590 972 3673; x_wconf 75' lang='lat' dir='ltr'>pruritibus,</span> <span class='ocrx_word' id='word_1_295' title='bbox 994 3594 1178 3657; x_wconf 73' lang='lat' dir='ltr'>verecumdia</span> <span class='ocrx_word' id='word_1_296' title='bbox 1197 3594 1408 3657; x_wconf 81' lang='lat' dir='ltr'>maximenon</span> 
     </span>
    </p>
   </div>
   <div class='ocr_carea' id='block_1_3' title="bbox 362 3759 1415 4609">
    <p class='ocr_par' dir='ltr' id='par_1_3' title="bbox 362 3759 1413 4101">
     <span class='ocr_line' id='line_1_38' title="bbox 392 3759 1411 3847; baseline 0.012 -18"><span class='ocrx_word' id='word_1_297' title='bbox 392 3759 650 3847; x_wconf 55' lang='lat' dir='ltr'>”motus</span> <span class='ocrx_word' id='word_1_298' title='bbox 669 3766 698 3819; x_wconf 78' lang='lat'>⁰·</span> <span class='ocrx_word' id='word_1_299' title='bbox 717 3766 869 3833; x_wconf 65' lang='lat' dir='ltr'>neotus</span> <span class='ocrx_word' id='word_1_300' title='bbox 932 3767 955 3807; x_wconf 83' lang='lat'>⁴¹</span> <span class='ocrx_word' id='word_1_301' title='bbox 973 3770 1279 3843; x_wconf 57' lang='lat' dir='ltr'>Quaesumus]</span> <span class='ocrx_word' id='word_1_302' title='bbox 1299 3770 1411 3840; x_wconf 66' lang='lat' dir='ltr'>’neom</span> 
     </span>
     <span class='ocr_line' id='line_1_39' title="bbox 362 3828 1412 3904; baseline 0.01 -23"><span class='ocrx_word' id='word_1_303' title='bbox 362 3828 393 3881; x_wconf 76' lang='lat' dir='ltr'>L.</span> <span class='ocrx_word' id='word_1_304' title='bbox 405 3830 500 3894; x_wconf 55' lang='lat' dir='ltr'>Saso]</span> <span class='ocrx_word' id='word_1_305' title='bbox 520 3833 567 3883; x_wconf 76' lang='lat' dir='ltr'>ilic</span> <span class='ocrx_word' id='word_1_306' title='bbox 584 3834 718 3885; x_wconf 79' lang='lat' dir='ltr'>Dodsrellus</span> <span class='ocrx_word' id='word_1_307' title='bbox 733 3848 819 3899; x_wconf 67' lang='lat' dir='ltr'>preter</span> <span class='ocrx_word' id='word_1_308' title='bbox 828 3838 869 3885; x_wconf 78' lang='lat' dir='ltr'>u.</span> <span class='ocrx_word' id='word_1_309' title='bbox 900 3838 1014 3888; x_wconf 64' lang='lat' dir='ltr'>ducatos</span> <span class='ocrx_word' id='word_1_310' title='bbox 1033 3852 1058 3889; x_wconf 79' lang='lat' dir='ltr'>ct</span> <span class='ocrx_word' id='word_1_311' title='bbox 1075 3842 1221 3903; x_wconf 74' lang='lat' dir='ltr'>quadragims</span> <span class='ocrx_word' id='word_1_312' title='bbox 1241 3844 1268 3891; x_wconf 89' lang='lat' dir='ltr'>io</span> <span class='ocrx_word' id='word_1_313' title='bbox 1288 3843 1412 3904; x_wconf 75' lang='lat' dir='ltr'>longitudi-</span> 
     </span>
     <span class='ocr_line' id='line_1_40' title="bbox 362 3899 1413 3981; baseline 0.011 -35"><span class='ocrx_word' id='word_1_314' title='bbox 362 3899 404 3977; x_wconf 45' lang='lat' dir='ltr'>rli·</span> <span class='ocrx_word' id='word_1_315' title='bbox 411 3910 525 3958; x_wconf 68' lang='lat' dir='ltr'>mntem.</span> <span class='ocrx_word' id='word_1_316' title='bbox 539 3909 568 3947; x_wconf 86' lang='lat' dir='ltr'>ut</span> <span class='ocrx_word' id='word_1_317' title='bbox 585 3910 701 3964; x_wconf 78' lang='lat' dir='ltr'>putamus,</span> <span class='ocrx_word' id='word_1_318' title='bbox 711 3902 757 3978; x_wconf 43' lang='lat' dir='ltr'>&#39;scd</span> <span class='ocrx_word' id='word_1_319' title='bbox 774 3913 828 3981; x_wconf 76' lang='lat' dir='ltr'>apta</span> <span class='ocrx_word' id='word_1_320' title='bbox 839 3903 870 3952; x_wconf 81' lang='lat' dir='ltr'>sd</span> <span class='ocrx_word' id='word_1_321' title='bbox 900 3918 957 3953; x_wconf 69' lang='lat' dir='ltr'>aa</span> <span class='ocrx_word' id='word_1_322' title='bbox 970 3904 1048 3971; x_wconf 78' lang='lat' dir='ltr'>pedes,</span> <span class='ocrx_word' id='word_1_323' title='bbox 1062 3916 1158 3955; x_wconf 74' lang='lat' dir='ltr'>scotum</span> <span class='ocrx_word' id='word_1_324' title='bbox 1169 3918 1195 3955; x_wconf 82' lang='lat' dir='ltr'>ct</span> <span class='ocrx_word' id='word_1_325' title='bbox 1205 3908 1287 3969; x_wconf 72' lang='lat' dir='ltr'>viginti</span> <span class='ocrx_word' id='word_1_326' title='bbox 1299 3910 1323 3957; x_wconf 85' lang='lat' dir='ltr'>ln</span> <span class='ocrx_word' id='word_1_327' title='bbox 1333 3909 1413 3957; x_wconf 77' lang='lat' dir='ltr'>latiru-</span> 
     </span>
     <span class='ocr_line' id='line_1_41' title="bbox 362 3970 1412 4029; baseline 0.008 -16"><span class='ocrx_word' id='word_1_328' title='bbox 362 3975 462 4015; x_wconf 77' lang='lat' dir='ltr'>ratroucs</span> <span class='ocrx_word' id='word_1_329' title='bbox 483 3978 594 4013; x_wconf 75' lang='lat' dir='ltr'>morsm</span> <span class='ocrx_word' id='word_1_330' title='bbox 614 3978 768 4029; x_wconf 69' lang='lat' dir='ltr'>sequanorum,</span> <span class='ocrx_word' id='word_1_331' title='bbox 789 3980 870 4017; x_wconf 69' lang='lat' dir='ltr'>murt</span> <span class='ocrx_word' id='word_1_332' title='bbox 902 3970 981 4021; x_wconf 64' lang='lat' dir='ltr'>&amp;em</span> <span class='ocrx_word' id='word_1_333' title='bbox 992 3970 1099 4021; x_wconf 68' lang='lat' dir='ltr'>hbsbst.</span> <span class='ocrx_word' id='word_1_334' title='bbox 1118 3970 1204 4023; x_wconf 78' lang='lat' dir='ltr'>Testes</span> <span class='ocrx_word' id='word_1_335' title='bbox 1214 3972 1412 4023; x_wconf 64' lang='lat' dir='ltr'>(inusitati.</span> 
     </span>
     <span class='ocr_line' id='line_1_42' title="bbox 363 4030 1413 4101; baseline 0.009 -22"><span class='ocrx_word' id='word_1_336' title='bbox 363 4044 450 4081; x_wconf 74' lang='lat' dir='ltr'>nouom</span> <span class='ocrx_word' id='word_1_337' title='bbox 474 4044 557 4088; x_wconf 77' lang='lat' dir='ltr'>mour,</span> <span class='ocrx_word' id='word_1_338' title='bbox 576 4030 614 4081; x_wconf 87' lang='lat' dir='ltr'>coi</span> <span class='ocrx_word' id='word_1_339' title='bbox 635 4031 738 4089; x_wconf 69' lang='lat' dir='ltr'>uibruos</span> <span class='ocrx_word' id='word_1_340' title='bbox 758 4033 872 4083; x_wconf 69' lang='lat' dir='ltr'>mini</span> <span class='ocrx_word' id='word_1_341' title='bbox 903 4036 983 4087; x_wconf 69' lang='lat' dir='ltr'>lustu.</span> <span class='ocrx_word' id='word_1_342' title='bbox 999 4052 1023 4087; x_wconf 89' lang='lat' dir='ltr'>o.</span> <span class='ocrx_word' id='word_1_343' title='bbox 1035 4036 1153 4101; x_wconf 71' lang='lat' dir='ltr'>9.qu</span> <span class='ocrx_word' id='word_1_344' title='bbox 1168 4039 1185 4086; x_wconf 91' lang='lat'>1.</span> <span class='ocrx_word' id='word_1_345' title='bbox 1197 4040 1295 4091; x_wconf 64' lang='lat' dir='ltr'>adare</span> <span class='ocrx_word' id='word_1_346' title='bbox 1309 4038 1413 4098; x_wconf 68' lang='lat' dir='ltr'>linia,</span> 
     </span>
    </p>

    <p class='ocr_par' dir='ltr' id='par_1_4' title="bbox 379 4094 1277 4161">
     <span class='ocr_line' id='line_1_43' title="bbox 379 4094 1277 4161; baseline 0.012 -17"><span class='ocrx_word' id='word_1_347' title='bbox 379 4100 480 4145; x_wconf 63' lang='lat' dir='ltr'>&#39;mut&#39;</span> <span class='ocrx_word' id='word_1_348' title='bbox 503 4098 602 4159; x_wconf 61' lang='lat' dir='ltr'>animat</span> <span class='ocrx_word' id='word_1_349' title='bbox 627 4094 659 4147; x_wconf 78' lang='lat' dir='ltr'>t.</span> <span class='ocrx_word' id='word_1_350' title='bbox 686 4094 810 4161; x_wconf 83' lang='lat' dir='ltr'>l’ipirlum,</span> <span class='ocrx_word' id='word_1_351' title='bbox 840 4096 872 4149; x_wconf 76' lang='lat' dir='ltr'>L.</span> <span class='ocrx_word' id='word_1_352' title='bbox 903 4098 925 4149; x_wconf 72' lang='grc' dir='ltr'>ε’.</span> <span class='ocrx_word' id='word_1_353' title='bbox 939 4099 1223 4157; x_wconf 79' lang='lat' dir='ltr'>lo.etlsidor.l.xr.c.</span> <span class='ocrx_word' id='word_1_354' title='bbox 1238 4106 1277 4155; x_wconf 79' lang='lat'>1⁵.</span> 
     </span>
    </p>

    <p class='ocr_par' dir='ltr' id='par_1_5' title="bbox 363 4160 1415 4609">
     <span class='ocr_line' id='line_1_44' title="bbox 395 4160 1411 4234; baseline 0.011 -25"><span class='ocrx_word' id='word_1_355' title='bbox 395 4164 514 4225; x_wconf 72' lang='lat' dir='ltr'>euenim,</span> <span class='ocrx_word' id='word_1_356' title='bbox 530 4163 581 4213; x_wconf 77' lang='lat' dir='ltr'>Ser.</span> <span class='ocrx_word' id='word_1_357' title='bbox 598 4160 734 4227; x_wconf 77' lang='lat' dir='ltr'>Sulpicium.</span> <span class='ocrx_word' id='word_1_358' title='bbox 748 4163 799 4213; x_wconf 80' lang='lat' dir='ltr'>Ser.</span> <span class='ocrx_word' id='word_1_359' title='bbox 811 4161 870 4212; x_wconf 69' lang='lat' dir='ltr'>C«-</span> <span class='ocrx_word' id='word_1_360' title='bbox 936 4164 986 4199; x_wconf 73' lang='lat'>⁴⁸⁶</span> <span class='ocrx_word' id='word_1_361' title='bbox 998 4163 1039 4215; x_wconf 78' lang='lat' dir='ltr'>vs</span> <span class='ocrx_word' id='word_1_362' title='bbox 1077 4160 1189 4234; x_wconf 62' lang='lat' dir='ltr'>Neris.</span> <span class='ocrx_word' id='word_1_363' title='bbox 1205 4170 1411 4221; x_wconf 66' lang='lat' dir='ltr'>Utnccuscnt</span> 
     </span>
     <span class='ocr_line' id='line_1_45' title="bbox 363 4222 1412 4342; baseline 0.015 -70"><span class='ocrx_word' id='word_1_364' title='bbox 363 4222 766 4342; x_wconf 43' lang='lat' dir='ltr'>ffifflmsswmidm</span> <span class='ocrx_word' id='word_1_365' title='bbox 784 4226 872 4307; x_wconf 71' lang='lat' dir='ltr'>adsu-</span> <span class='ocrx_word' id='word_1_366' title='bbox 903 4230 1003 4311; x_wconf 75' lang='lat' dir='ltr'>sltcrpru</span> <span class='ocrx_word' id='word_1_367' title='bbox 1117 4236 1412 4302; x_wconf 70' lang='lat' dir='ltr'>smilibuaexplaebe</span> 
     </span>
     <span class='ocr_line' id='line_1_46' title="bbox 364 4290 1415 4436; baseline 0.022 -37"><span class='ocrx_word' id='word_1_368' title='bbox 364 4351 409 4399; x_wconf 79' lang='lat' dir='ltr'>au</span> <span class='ocrx_word' id='word_1_369' title='bbox 427 4290 542 4405; x_wconf 53' lang='lat' dir='ltr'>ruffini</span> <span class='ocrx_word' id='word_1_370' title='bbox 567 4291 873 4411; x_wconf 54' lang='lat' dir='ltr'>aidiffiui&#39;ueuffib</span> <span class='ocrx_word' id='word_1_371' title='bbox 903 4310 1119 4429; x_wconf 37' lang='lat' dir='ltr'>wionem</span> <span class='ocrx_word' id='word_1_372' title='bbox 1127 4370 1185 4435; x_wconf 70' lang='lat' dir='ltr'>aso]</span> <span class='ocrx_word' id='word_1_373' title='bbox 1198 4350 1415 4436; x_wconf 64' lang='grc' dir='ltr'>ι’ωμιῑηωοᾱ.</span> 
     </span>
     <span class='ocr_line' id='line_1_47' title="bbox 364 4412 1415 4503; baseline 0.016 -36"><span class='ocrx_word' id='word_1_374' title='bbox 364 4412 434 4467; x_wconf 68' lang='lat' dir='ltr'>ficiat</span> <span class='ocrx_word' id='word_1_375' title='bbox 459 4418 600 4485; x_wconf 67' lang='lat' dir='ltr'>Dodbtllm,</span> <span class='ocrx_word' id='word_1_376' title='bbox 630 4422 682 4497; x_wconf 73' lang='lat' dir='ltr'>side</span> <span class='ocrx_word' id='word_1_377' title='bbox 707 4426 873 4497; x_wconf 27' lang='lat' dir='ltr'>said-ipsun,</span> <span class='ocrx_word' id='word_1_378' title='bbox 902 4438 928 4479; x_wconf 77' lang='lat' dir='ltr'>et</span> <span class='ocrx_word' id='word_1_379' title='bbox 953 4437 1415 4503; x_wconf 60' lang='lat' dir='ltr'>maturamqufficupidm</span> 
     </span>
     <span class='ocr_line' id='line_1_48' title="bbox 364 4480 1046 4609; baseline 0.019 -71"><span class='ocrx_word' id='word_1_380' title='bbox 364 4480 503 4609; x_wconf 42' lang='lat' dir='ltr'>zetas.</span> <span class='ocrx_word' id='word_1_381' title='bbox 535 4484 565 4543; x_wconf 71' lang='lat' dir='ltr'>dt</span> <span class='ocrx_word' id='word_1_382' title='bbox 595 4482 676 4559; x_wconf 61' lang='lat' dir='ltr'>cyclis</span> <span class='ocrx_word' id='word_1_383' title='bbox 901 4504 1046 4567; x_wconf 57' lang='lat' dir='ltr'>mantes.</span> 
     </span>
    </p>
   </div>
   <div class='ocr_carea' id='block_1_4' title="bbox 0 0 1608 5200">
    <p class='ocr_par' dir='ltr' id='par_1_6' title="bbox 0 0 1608 5200">
     <span class='ocr_line' id='line_1_49' title="bbox 0 0 1608 5200; baseline 0 0"><span class='ocrx_word' id='word_1_384' title='bbox 0 0 1608 5200; x_wconf 95' lang='lat' dir='ltr'> </span> 
     </span>
    </p>
   </div>
  </div>
 </body>
</html>
