3175 5200
557 336 703 403 marn.
724 338 807 403 CAP.
819 336 932 403 nxnr.
1210 348 1270 413 217
1316 402 1319 411 ,

225 502 237 539 ‘
252 488 379 567 alterum
393 501 559 565 exercitum
574 502 721 565 victorem
735 502 767 563 in
783 502 888 562 urbem
904 500 1088 578 rediturum
1112 500 1170 564 sibi
1185 502 1268 566 ultro
1281 525 1314 576 u,
1324 524 1354 576 c,
1364 527 1421 578 30⁶,

226 592 237 623 ‘
251 612 306 673 per
320 590 518 652 contumelias
533 590 654 653 hostem
670 589 825 651 insultare.
843 588 965 669 quando
977 599 1077 649 autem
1095 610 1139 668 se,
1160 591 1185 651 si
1201 601 1268 652 tum
1280 594 1312 644 A·
1322 592 1352 646 0·
1361 592 1426 642 ’Νῦν

225 677 235 709 ‘
251 697 312 738 non
323 677 489 758 sint,pares
505 677 643 738 hostibus
659 676 723 737 fore
735 673 763 737 ?’
790 672 853 736 Ubi
869 675 932 735 lraec
948 673 1075 735 fremere
1089 677 1221 738 militem
1235 679 1267 738 in
1370 727 1374 732 .

198 836 200 845 ,
226 764 332 825 eastris
344 763 448 826 consul
460 763 565 841 sensit,
577 763 727 825 concione
741 762 901 838 advocata,
916 760 1208 840 ‘Quemadmodum
1220 764 1268 825 in·

226 851 301 932 quit,
321 850 374 911 ‘iu
390 850 505 930 Algido
523 871 570 911 res
590 860 678 932 gesta
692 850 743 928 sit,
766 849 896 910 arbitror
909 868 974 924 vos,
989 846 1113 925 milites,
1129 850 1267 911 audisse:

226 936 371 1017 ‘qualem
387 937 473 998 liberi
490 937 594 1019 populi
611 938 777 999 exercitum
794 936 899 997 decuit
913 955 990 1012 esse,
1017 935 1088 995 talis
1110 934 1177 996 fuit.
1193 956 1269 997 con·

225 1024 349 1085 ‘sulcus
365 1024 501 1107 collega,
515 1025 626 1085 virtute
642 1024 773 1085 militurn
784 1022 913 1085 victoria
923 1033 1016 1105 parta
1027 1033 1084 1082 est·
1127 1020 1219 1090 Quod
1229 1024 1270 1084 ad

225 1109 299 1171 ‘me
315 1111 445 1188 adtinet,
461 1111 494 1171 id
510 1111 630 1172 consilii
643 1111 797 1191 animique
807 1110 964 1170 habiturus
975 1127 1053 1186 sum,
1067 1110 1094 1153 ⁷¹
1107 1108 1189 1189 quod
1200 1106 1286 1170 voss

225 1195 236 1229 ‘
251 1196 326 1257 mihi
342 1197 514 1259 effeceritis.
532 1208 563 1259 et
578 1198 657 1259 trabi
672 1197 785 1258 bellum
800 1196 968 1274 salubriter,
984 1207 1017 1257 et
1032 1207 1151 1257 mature
1166 1194 1270 1277 perlici

224 1282 361 1365 ‘potest
406 1280 439 1344 Si
460 1284 641 1345 trahendum
662 1296 718 1362 est,
743 1303 812 1365 ego,
836 1295 871 1345 ut
892 1283 924 1343 In
944 1282 1008 1343 dies
1029 1302 1098 1364 spes
1117 1281 1271 1363 virtusque

224 1368 234 1401 ‘
249 1380 349 1431 vestra
363 1382 491 1448 crescat,
514 1371 631 1449 eadern,
657 1392 716 1452 qua
731 1370 860 1448 institui,
875 1368 1036 1451 disciplina
1049 1368 1191 1430 efficiam.
1236 1364 1270 1428 Si

223 1456 235 1487 ‘
245 1454 312 1535 jam
322 1458 397 1519 satis
408 1457 501 1519 animi
513 1469 569 1537 est,
581 1458 762 1539 decernique
777 1458 889 1539 placet,
912 1455 1080 1537 agitedum,
1092 1452 1281 1533 clamorem,¹

223 1542 234 1573 ‘
249 1543 409 1622 qualemin
422 1545 486 1606 acie
502 1544 645 1607 sublaturi
661 1545 744 1622 estis,
760 1544 858 1606 tollite
873 1544 934 1620 bic,
961 1542 1091 1603 indIcem
1102 1542 1268 1603 voluntatis

224 1628 426 1711 ‘virtutisque
437 1629 563 1693 bestrae!
608 1630 772 1713 Postquam
789 1628 905 1713 ingenti
919 1629 1078 1690 alacritate
1092 1629 1208 1689 clamor
1222 1639 1269 1689 cet

222 1715 368 1794 sublatus,
386 1716 492 1786 ‘Quod
510 1718 586 1778 bene
601 1729 710 1796 venat,
730 1728 886 1799 gesturum
902 1736 935 1777 se
949 1716 1008 1777 illis
1022 1735 1148 1793 morem,
1163 1726 1268 1798 poste·

222 1800 233 1832 ⁴
250 1820 342 1882 reque
353 1803 402 1864 die
415 1803 445 1863 ln
455 1804 553 1865 aciem
569 1802 790 1882 deducturum,'
801 1802 954 1865 adfirmat.
969 1801 1130 1884 Reliquum
1141 1800 1203 1863 diei
1212 1801 1267 1862 ad·

220 1889 364 1969 parandis
391 1890 481 1951 armis
505 1894 698 1953 consumtum
725 1900 781 1953 est,
827 1889 952 1952 Postero
974 1889 1024 1950 die
1048 1888 1136 1951 simul
1161 1885 1267 1949 instrui

222 1972 394 2036 Romanam
418 1977 515 2037 aciem
541 1974 645 2039 Sabini
671 1978 782 2055 videre,
808 1988 840 2039 et
865 1977 933 2058 ipsi,
954 1974 1162 2059 jampridem
1189 1972 1267 2034 avidi
1280 1983 1421 2060 ¹ln‘ogrucnrn

222 2062 407 2139 certaminis,
433 2064 614 2146 procedunt.
659 2062 801 2125 Proelium
827 2063 895 2141 fuit,
925 2062 1014 2147 quale
1036 2062 1116 2123 inter
1140 2060 1269 2122 fidentes
1279 2050 1390 2133 rudem..

221 2147 344 2211 sibimet
359 2149 473 2211 ambo*¹
500 2152 661 2227 exercitus,
687 2151 797 2214 veteris
821 2160 1031 2233 perpetuaque
1052 2148 1180 2207 alterum
1200 2147 1268 2227 glo·

222 2232 283 2311 ria,
308 2235 442 2303 alterurn
471 2256 567 2319 nuper
592 2257 671 2299 nova
696 2238 825 2302 victoria
848 2236 971 2297 elatum.
1016 2231 1153 2293 Consilio
1175 2234 1269 2293 etiam

222 2316 328 2379 Sabini
350 2322 426 2383 vIres
447 2322 596 2402 adjuvere.
620 2344 690 2384 nam
716 2339 809 2401 quum
829 2329 998 2399 aequassent
1012 2319 1121 2395 aciem,
1137 2319 1198 2380 duo
1213 2340 1269 2380 ex·
1307 2328 1311 2335 '

222 2407 425 2475 traordinem
441 2410 547 2486 millia,
565 2428 629 2487 qua
650 2410 679 2468 iu
712 2407 865 2467 sInietrunr
891 2425 985 2466 cornu
1005 2403 1214 2465 Romanorum
1238 2405 1269 2465 in

222 2492 289 2573 ipso
322 2486 485 2554 certamIne
521 2492 735 2573 inpressionem
772 2491 918 2566 facerent,
956 2503 1087 2551 tenuere.
1114 2510 1179 2570 que
1208 2491 1271 2568 ubi,

220 2577 321 2640 inlatis
346 2601 385 2639 ex
410 2590 579 2640 transverso
604 2578 708 2660 signis,
733 2576 941 2658 degravabant
966 2596 1061 2659 prope
1081 2575 1270 2638 circumven-

220 2675 285 2725 tum
302 2685 415 2738 comu;
440 2665 556 2746 equites
572 2664 699 2725 duarum
715 2663 869 2744 legionum
887 2663 1035 2725 sexcenti·
1047 2663 1109 2723 fere
1130 2683 1169 2723 ex
1185 2664 1271 2745 equis

220 2749 375 2829 desiliunt,
391 2750 627 2834 cedentibusque
642 2749 709 2832 jam
733 2750 794 2811 suis
821 2749 982 2832 provolant
1001 2749 1032 2810 in
1053 2749 1204 2831 primnm3
1228 2750 1270 2811 si·

219 2836 341 2918 mulque
357 2848 389 2899 et
413 2838 493 2900 lrosti
517 2859 550 2899 se
572 2839 741 2920 obponunt,
765 2847 808 2915 et,
834 2848 955 2917 aquato
976 2837 1107 2918 primum
1122 2835 1269 2918 periculo,

219 2923 334 3004 pudore
350 2923 460 2985 deinde
475 2924 593 2984 animos
608 2924 746 3005 peditum
761 2922 945 2985 accendunt.
982 2919 1179 2984 Verecundioe
1193 2933 1270 3000 erat,

220 3009 353 3090 equitem
368 3029 422 3070 suo
438 3008 597 3090 alienoque
611 3020 709 3070 marte
730 3027 886 3092 pugnare:
909 3007 1044 3090 peditem
1067 3029 1107 3068 ne
1124 3007 1165 3068 ad
1178 3008 1271 3091 pedes

209 3093 342 3174 quidem
357 3095 498 3174 degresso
511 3095 605 3177 equiti
621 3114 725 3176 parem
736 3115 812 3156 esse.
1068 3142 1071 3146 -
1125 3135 1129 3143 ·

263 3176 377 3240 LXIII.
408 3177 534 3240 Vadunt
563 3179 655 3260 igitur
684 3181 716 3240 in
742 3180 883 3262 proelium
913 3179 952 3239 ab
979 3199 1033 3240 sua
1063 3189 1151 3261 parte
1176 3179 1270 3239 omis·

220 3283 308 3342 sum3
339 3275 371 3326 et
394 3264 506 3343 Iocum,
531 3285 570 3327 ex
596 3285 656 3346 quo
680 3277 848 3343 cesseranq'
869 3275 1031 3347 repetunt:
1054 3276 1270 3346 momentoque

221 3371 283 3414 non
313 3351 456 3414 restituta
483 3351 576 3422 modo
604 3371 718 3435 pugna,
749 3351 804 3413 sed
833 3350 998 3412 inclinatur
1027 3351 1120 3413 etiam
1149 3349 1269 3413 Sabinis

220 3457 325 3502 cornu.
369 3437 469 3518 Eques
499 3439 578 3500 Inter
606 3437 726 3500 ordInes
756 3437 896 3522 pediturn
921 3448 1021 3501 tectus
1047 3460 1081 3500 se
1108 3438 1148 3500 ad
1173 3458 1267 3519 equos

219 3524 339 3608 recipit.
370 3525 538 3588 transvolat
568 3525 638 3586 inde
668 3524 698 3585 In
728 3537 848 3608 partem
874 3525 1025 3605 alteram,
1043 3526 1104 3586 auis
1133 3525 1268 3588 victoriae

218 3612 347 3673 nuncius
357 3633 368 3690 3
392 3612 481 3673 simul
503 3623 535 3675 et
557 3611 587 3674 in
611 3612 714 3673 hostes
731 3610 798 3693 jam
813 3611 950 3695 pavidos,
978 3613 1088 3695 quippe
1117 3612 1185 3675 fuso
1206 3633 1266 3674 suae

216 3699 312 3782 partis
326 3698 472 3760 validiore
487 3718 592 3777 comu,
620 3698 756 3781 inpetum
785 3698 871 3761 facit.
895 3719 958 3760 non
979 3699 1106 3760 aliorum
1125 3719 1163 3761 eo
1184 3717 1266 3780 proe-

217 3783 260 3846 lio
279 3785 373 3848 virtus
398 3785 496 3868 magis
520 3784 640 3847 enituit.
685 3783 799 3847 Consul
823 3786 983 3869 providere
1005 3785 1120 3862 omnia,
1144 3784 1266 3844 laudare

217 3871 322 3952 fortes,
341 3873 509 3955 increpare,
534 3871 630 3934 sicubi
646 3871 767 3954 segnior
784 3893 889 3955 pugna
902 3883 992 3935 esset.
1037 3870 1187 3952 castigati
1203 3869 1264 3931 Ior-

217 3958 293 4030 tium
311 3957 421 4022 'statim
441 3959 571 4022 virorum
593 3979 717 4042 operam
743 3959 895 4022 edebant:
919 3970 1099 4040 tantumque
1125 3959 1181 4018 bos
1205 3975 1264 4039 pu-

218 4045 284 4127 dor,
310 4057 458 4129 quantum
487 4045 563 4108 alios
589 4045 693 4108 laudes
721 4046 908 4110 excitabant.
953 4044 1175 4125 Redintegrato
1199 4042 1377 4110 cla-uncum

272 4171 392 4220 amatu
401 4169 549 4236 Doer.llup.
616 4170 797 4218 'Insenmr'lr'tes
806 4169 959 4219 orwcm.
1033 4167 1196 4218 wanted.
1275 4120 1381 4177 Rom

249 4277 272 4313 ⁷³
289 4276 510 4342 andmmr'lr'to,
529 4277 583 4326 radii
602 4276 726 4342 effeceritis]
757 4277 850 4326 norum
891 4278 953 4338 lage
978 4291 1033 4339 ergo
1057 4278 1170 4340 qrwrnodo
1192 4275 1265 4326 hebet

219 4339 340 4404 Effereriris
361 4345 399 4392 bic
421 4358 501 4408 parum
525 4344 615 4407 proprie
637 4343 725 4392 dicrum
756 4343 895 4406 plausum
904 4342 1128 4394 eodexaGroaoric
1140 4344 1265 4407 inertia,

216 4407 315 4455 videtin.
348 4408 435 4458 Sedet
454 4423 498 4456 vox
515 4409 594 4456 salites
609 4409 674 4456 abest
692 4409 721 4456 ab
754 4407 1035 4473 Quodwtmilism'tir.

215 4470 301 4536 aliquot
310 4473 410 4540 annu,
425 4485 477 4526 tm
492 4474 653 4539 (innormis,
670 4484 721 4524 tun
