3175 5200
373 362 440 423 sn
806 303 1010 419 nuruum

216 516 250 565 ¹¹·
260 512 362 579 ΜΗ.
383 515 503 598 signum
524 516 675 579 mmmm.
698 526 764 579 tum
778 526 815 579 ut
826 518 944 579 memor
960 515 1051 598 regia
1062 534 1184 599 pugne,
1198 534 1318 579 memor
1332 514 1430 601 opimi

216 582 353 635 ‘mm‘
385 603 470 683 duni,
483 602 665 685 Romulique
688 623 724 665 ac
748 601 835 665 Iovis
856 602 993 681 Feretrii,
1015 622 1079 665 rem
1101 617 1232 685 gereret.
1275 600 1430 685 legiones

387 690 490 773 inpetu
513 691 629 771 ingenti
654 690 830 772 confligunt.
860 688 1029 753 'Romanus
1043 690 1115 751 odf'n
1131 711 1287 770 aecensus,
1309 691 1429 773 inpium

386 776 574 855 Fidenatem,
585 776 757 860 predonem
769 775 940 856 Veientem,
953 787 1091 860 ruptores
1101 776 1302 854 induciarum,
1316 783 1426 840 cruen-

387 876 436 927 tns
456 865 624 947 legatnmm
650 864 777 927 infanda
800 864 891 941 mede,
914 884 1064 946 respersos
1086 864 1233 945 sanguine
1246 864 1425 927 colonomm

387 971 520 1029 suorum,
548 950 680 1034 perfidos
706 950 815 1030 socios,
843 950 967 1013 inbelles
993 951 1096 1013 hostes
1122 950 1318 1035 compellens,
1337 950 1427 1015 factis

387 1038 476 1100 simul
492 1038 639 1121 dictisque
650 1038 754 1101 odium
764 1038 878 1121 explet.
1107 1070 1110 1073 ⁴

429 1122 579 1187 XXXIII.
614 1122 817 1188 Concusserat
836 1125 936 1207 primo
960 1124 1066 1188 statim
1094 1128 1258 1207 congressu
1283 1125 1424 1189 bustemr

387 1230 480 1294 quum
503 1222 638 1295 repente,
659 1211 822 1296 patefactis
851 1210 1031 1273 Fidenarum
1055 1212 1163 1295 portis,
1192 1232 1270 1276 nova
1293 1212 1425 1295 erumpit

255 1306 332 1369 lupun
387 1299 479 1377 acies,
497 1298 634 1361 inaudita
663 1310 734 1361 anne
750 1298 789 1361 id
818 1311 938 1381 tempus
965 1299 1207 1380 invisitataque‘.
1235 1298 1350 1380 ignibus
1372 1320 1423 1359 ar-

229 1372 304 1472 ⁸⁶¹3f¹⁸
314 1373 352 1406 '¹'
387 1396 472 1449 mats
493 1384 600 1467 ingens
628 1384 805 1464 multitudo,
833 1382 1009 1479 facibusque
1030 1386 1205 1447 ardentibus
1226 1396 1294 1448 tnta
1317 1385 1423 1447 cuniu-

387 1494 473 1552 cens,
486 1472 568 1534 velut
582 1472 715 1534 fanatico
729 1473 877 1539 insnum
897 1492 997 1550 cursu,
1020 1472 1053 1533 in
1067 1472 1186 1535 bostem
1208 1473 1287 1535 mit:
1312 1471 1427 1533 forms-

387 1580 445 1641 que
473 1558 599 1621 insolita
628 1579 736 1642 pugne
765 1558 921 1622 Romanos
947 1579 1110 1643 parumper
1138 1559 1293 1621 exterruit.
1341 1555 1426 1620 'I'um

388 1642 530 1724 dintatnr,
554 1644 699 1727 magistro
724 1646 860 1728 equitum
882 1646 1101 1728 equitibusque,
1124 1656 1190 1707 tum
1211 1665 1250 1706 ex
1272 1644 1427 1707 montibus

387 1732 532 1802 Quinctio
561 1731 675 1813 sdcim,
704 1732 845 1816 prndium
871 1733 963 1810 ciens,
992 1734 1056 1816 ipse
1084 1732 1115 1793 in
1138 1731 1292 1794 sinistrum
1317 1751 1424 1811 cornu,

388 1818 515 1901 ⁶³quoel,
538 1818 677 1883 incendio
700 1820 847 1882 similius⁸
876 1840 967 1902 quam
992 1818 1107 1903 pretiis,
1130 1818 1264 1881 territum
1288 1828 1421 1879 cesserat

387 1904 528 1984 flammis,
552 1904 706 1970 adcurrit:
732 1907 872 1988 claraque
891 1926 977 1985 vnce,
1008 1904 1162 1969 ‘Fumone
1183 1901 1278 1981 vieti,'
1308 1904 1419 1985 inquit,

229 2045 231 2063 ,
387 1990 494 2054 ‘velut
508 2012 637 2055 examen
650 2014 741 2076 apum
756 1993 826 2056 loco
839 2003 938 2056 vestro
952 1993 1065 2071 exacti,
1078 1990 1184 2055 inermi
1195 1990 1310 2052 cedetis
1320 1989 1418 2052 hosti?

265 2142 269 2153 .
386 2076 482 2141 ‘Nou
509 2079 587 2141 ferro
607 2080 806 2163 exstinguetis
827 2080 934 2163 ignes?
957 2101 1019 2143 non
1034 2080 1116 2141 faces
1139 2079 1193 2140 bes
1214 2078 1294 2160 ipsas
1314 2098 1369 2160 pru
1389 2096 1424 2137 se

386 2165 398 2200 ‘
411 2165 547 2247 quisque,
562 2166 675 2248 digni,
695 2188 756 2230 non
768 2166 847 2245 telis,
866 2166 1064 2251 pugnandum
1079 2179 1136 2245 est,
1150 2176 1268 2247 ereptas
1282 2162 1362 2225 ultro
1376 2162 1426 2223 in·

386 2250 397 2285 ‘
412 2251 535 2315 feretis?
559 2252 662 2335 Agite,
671 2254 803 2318 nominis
814 2253 1126 2316 Romaniscvirtutis
1136 2262 1257 2335 patrum
1265 2260 1429 2330 vestraque

386 2336 572 2418 ‘memorem
585 2341 694 2403 vertite
709 2341 883 2404 incendium
898 2342 958 2403 boe
973 2342 1005 2402 in
1020 2340 1153 2402 hostium
1166 2339 1297 2414 nrbem;
1321 2346 1353 2398 et
1367 2335 1428 2397 suis

387 2424 398 2457 ‘
413 2425 544 2489 flammis
566 2420 664 2489 delete
686 2426 828 2507 Fidenas,
852 2434 927 2509 quas
940 2427 1045 2489 vestris
1064 2425 1220 2488 beneficiis
1233 2424 1354 2507 placare
1367 2442 1430 2484 nnn

387 2509 562 2592 ‘potuistis
620 2510 804 2595 legatorum
833 2515 893 2575 hoc
921 2534 975 2575 vos
1001 2524 1169 2575 vestrorum
1192 2511 1429 2590 cnlonnmmque

388 2596 398 2630 ‘
413 2597 546 2678 sangui,
559 2601 730 2681 vastatique
744 2598 821 2661 fines
834 2596 982 2660 monent!
1025 2597 1077 2660 Ad
1092 2598 1253 2680 imperium
1274 2596 1430 2660 dictatoris

386 2693 472 2744 mota
486 2693 598 2744 cuncta
611 2685 710 2744 acies:
733 2683 816 2743 faces
827 2684 950 2765 'partim
972 2684 1088 2746 emisere
1101 2683 1302 2766 echpiuntur,
1315 2682 1429 2766 partim

385 2767 609 2846 vieripiuntur:
632 2777 759 2847 utraque
773 2768 995 2832 aciessrmamr
1006 2770 1082 2851 igni.
1125 2766 1274 2849 Magister
1288 2770 1425 2849 equitum

386 2851 498 2933 etipse
512 2861 604 2912 novat
618 2871 754 2934 pugnam
773 2859 955 2935 equestrem.
973 2856 1077 2919 frenos
1101 2867 1137 2918 ut
1153 2855 1317 2918 detrahant
1327 2856 1425 2938 eqnis,

386 2938 537 3020 imperat:
571 2938 702 3022 etipse
746 2940 897 3024 princeps,
935 2943 1101 3006 calcaribus
1134 2941 1260 3004 subditis
1292 2954 1429 3019 erectus,

386 3023 500 3086 effreno
515 3044 593 3106 equo
615 3025 647 3086 in
666 3025 783 3088 medios
796 3027 884 3110 ignes
897 3027 1043 3092 infertur:
1066 3040 1100 3093 et
1112 3029 1163 3092 alii
1189 3028 1336 3092 concitati
1357 3029 1427 3110 equi

387 3111 481 3174 libero
496 3130 587 3174 cursu
600 3111 702 3175 fenmt
716 3113 851 3194 equitem
871 3114 904 3177 in
918 3116 1061 3179 hostem.
1093 3114 1192 3179 Pulvis
1214 3116 1323 3193 elatum
1344 3115 1425 3178 mix·

387 3208 495 3280 nsque
507 3197 605 3277 fumo,
615 3199 713 3264 lucem
733 3221 772 3263 ex
783 3201 878 3264 oculis
888 3202 1020 3266 viromm
1037 3222 1243 3286 equommque
1257 3201 1365 3265 aufert.
1380 3199 1428 3280 es,

766 3421 776 3453 ἲ
1166 3421 1176 3452 2

389 3457 499 3520 deinde
514 3457 627 3522 accidit
640 3480 754 3524 novus:
777 3463 937 3546 quiquam
950 3473 1110 3546 utrmque
1124 3462 1335 3525 mirabundam
1349 3463 1380 3523 in
1394 3483 1426 3524 se

388 3542 487 3606 aciem
496 3544 643 3624 vertisset,
656 3547 788 3612 dictatur
795 3550 958 3631 exclamat,
967 3550 979 3584 ‘
986 3549 1163 3621 Quinctium
1174 3550 1309 3633 legatum
1315 3560 1425 3612 etsuns

389 3628 454 3692 ‘ab
465 3642 553 3714 tergo
573 3633 844 3698 hostemsdortoez’
862 3638 938 3720 ipse,
958 3636 1164 3721 redintegrato
1179 3637 1322 3715 clamore,
1337 3634 1427 3698 infert

221 3728 354 3810 vqumtur
389 3717 486 3780 acrius
501 3719 597 3801 rigna.
620 3718 721 3792 Quum
733 3721 898 3803 ducencies,
909 3724 969 3786 duo
981 3725 1098 3788 diversa
1108 3723 1226 3807 proelia,
1241 3724 1427 3786 circumven-

221 3797 332 3848 ΜΨ
341 3805 366 3846 ⁸²
388 3803 589 3870 tosEtruscos
599 3817 631 3871 et
645 3827 664 3870 a
679 3808 780 3874 fronte
794 3822 827 3873 et
842 3812 880 3874 ab
895 3822 981 3894 tergo
992 3822 1164 3896 nrguerenq
1179 3811 1317 3894 nequein
1326 3819 1428 3871 caena

220 3861 349 3918 mm·
387 3903 478 3974 retro,
501 3915 598 3978 neque
613 3895 644 3957 in
665 3907 794 3977 montes,
808 3898 889 3962 unde
907 3921 941 3962 se
963 3921 1057 3962 novus
1073 3898 1168 3962 hnstis
1182 3895 1346 3980 objecerat,
1368 3896 1427 3959 iter

386 3979 464 4063 fuga
478 3993 568 4062 esset,
591 3985 618 4024 ⁸⁴
627 3994 660 4046 et
684 3984 818 4066 equitem
839 3985 954 4069 passim
973 3986 1085 4050 liberi¹¹
1111 3986 1201 4050 frenis
1216 3984 1428 4070 dispulissent¹

344 4192 350 4200 Ι
381 4123 904 4258 Mfzwmnoebw
918 4126 1063 4179 mntem.
1112 4123 1427 4192 'acquitanntdtrirm

301 4301 304 4308 ’
411 4298 877 4373 “Misenumnam
916 4306 1428 4375 mmmmneempenmm

363 4361 450 4436 'Quod
463 4383 541 4445 'quum
562 4373 677 4424 rideretur
697 4376 775 4440 potius
797 4375 857 4441 aliqu
915 4391 1021 4442 campum
1041 4375 1197 4440 dmum*
1212 4375 1245 4425 its
1270 4384 1300 4423 ut
1327 4373 1430 4439 rudique

379 4433 595 4570 ”mutu
628 4441 886 4572 ...mim
916 4439 1324 4578 WWQ
1377 4569 1382 4574 ,
