3175 5200
498 393 576 460 LlB.
587 391 627 456 X.
648 395 730 456 CAP.
745 395 797 456 VI.
1110 399 1165 458 561
1244 451 1248 464 .

129 573 199 618 cum
218 555 307 638 plebe
331 554 362 616 in
383 553 514 636 gretiam
537 557 673 620 reducto.
718 553 833 618 Consul
847 573 887 616 ex
900 553 1053 649 dictatura
1067 555 1166 618 iactus

130 639 177 704 M.
197 639 344 707 Valerius.
369 661 429 705 non
455 653 621 724 petentem,
650 651 740 724 atque
769 642 848 706 adeo
877 642 971 704 etiam
998 642 1166 719 absentem,

35 725 37 752 '
130 740 265 792 creatum
288 732 316 768 ²⁰
326 727 481 791 credidere
496 729 639 810 quidam3
662 739 694 790 et
717 749 771 810 per
794 729 978 811 interregem
992 749 1029 790 ea
1043 729 1169 791 comitia

43 825 44 830 ’
129 813 221 878 lacta.
247 815 280 878 id
305 835 398 879 unum
420 835 482 876 non
507 815 680 898 ambigitur,
704 816 897 878 consulatum
921 836 991 880 cum
1016 814 1168 899 Appuleio

131 899 230 964 Pansa
243 902 380 984 gessisse.
508 943 511 951 ,

174 983 230 1051 Vl.
252 985 299 1051 M.
312 985 435 1051 Valerio
457 998 489 1051 et
515 987 555 1060 Q.
574 986 725 1070 Appuleio
749 987 933 1067 consulibus,
958 987 1032 1052 satis
1052 997 1169 1071 pacata
1180 995 1322 1048 thessa.

35 1104 40 1154 s
132 1072 205 1136 loris
227 1095 272 1136 ree
294 1073 388 1138 fuere.
430 1072 592 1138 Etruscum
614 1073 798 1136 ”adversn‘
822 1074 891 1137 belli
917 1095 963 1137 res
986 1086 1019 1136 et
1041 1072 1169 1136 inducia
1180 1060 1321 1139 ΗΜ·

35 1156 42 1178 “
133 1159 268 1262 quietum
283 1162 450 1224 tenebant:
474 1157 656 1261 Samnitem,
681 1161 845 1261 multorum
869 1165 1017 1223 annorum
1032 1159 1169 1224 cladibus
1182 1126 1324 1258 &3²¹ss

132 1244 946 1416 ltlblnltllllmlil‘initiabili..
966 1246 1333 1396 luditum·

133 1417 298 1482 multitudo
320 1421 493 1503 prestabat.
515 1430 629 1498 tamen,
653 1439 691 1481 ne
709 1420 846 1502 undique
871 1420 1039 1503 tranquillae
1060 1441 1108 1483 res
1122 1441 1171 1484 es-

135 1516 214 1584 sent,
243 1516 396 1568 certamen
418 1504 565 1588 injectum
588 1506 667 1568 inter
687 1507 835 1590 primores
856 1508 999 1571 civitatis.
1028 1506 1172 1590 patricios
1185 1523 1310 1572 &sanes

35 1631 39 1656 ι
134 1591 337 1675 plebeiosque,
370 1593 409 1653 sb
437 1591 565 1654 tribunis
594 1592 690 1676 plebis
720 1592 758 1665 Q.
789 1604 822 1654 et
850 1591 908 1655 Cn.
930 1592 1079 1674 Ogulniis,
1110 1589 1324 1674 quilquemtri·

134 1677 267 1759 undique
289 1678 545 1741 criminandorum
571 1676 694 1740 Petrum
717 1678 798 1760 apud
820 1679 939 1761 plebem
964 1679 1173 1741 occasionibus
1185 1654 1339 1775 ffissl‘g,

136 1764 278 1843 limitis,
293 1775 454 1846 postquam
476 1763 537 1824 alia
560 1763 670 1825 frustra
684 1773 803 1825 tentata
816 1775 915 1842 erant,
938 1782 1006 1826 eam
1022 1765 1173 1828 actionem
1185 1783 1301 1836 meniu.

35 1929 36 1938 ἵ
135 1860 339 1933 susceperunt,
365 1869 425 1932 qua
467 1869 529 1911 non
560 1847 696 1922 infimam
729 1849 850 1931 plebem
879 1852 1091 1929 accenderent,
1121 1851 1176 1913 sed

35 1939 39 1966 ¹
136 1935 203 2018 ipsa
212 1934 320 2019 capita
334 1935 442 2018 plebis,
462 1934 634 1997 consulares
649 1934 906 2018 triumphalesque
921 1937 1075 2017 plebeios:
1098 1957 1176 2018 quo·

36 2081 37 2090 ,
136 2041 202 2084 rum
224 2022 389 2084 honoribus
412 2021 500 2098 nihil,
521 2035 629 2104 praeter
655 2020 835 2097 sacerdotia,
861 2041 927 2100 qua
945 2022 1082 2084 nondum
1103 2044 1177 2105 pro·

135 2107 266 2185 miscura
280 2119 377 2184 eraut,
392 2107 519 2169 deesset.
563 2104 767 2186 Rogationem
782 2125 856 2186 ergo
869 2107 1109 2189 promulgarunt,
1131 2120 1177 2186 ut,

35 2197 36 2230 ι
137 2213 230 2272 quum
246 2204 374 2274 quatuor
390 2212 530 2274 augures,
545 2201 673 2271 quatuor
687 2189 846 2273 pontifices
871 2212 909 2253 ea
932 2203 1115 2276 tempestate
1129 2216 1178 2256 es·

138 2289 217 2356 sent,
246 2279 439 2361 placeretque
471 2277 575 2357 augeri
608 2276 812 2354 sacerdotum¹
839 2298 1009 2356 numerum,
1049 2291 1179 2362 quatuor

36 2367 39 2428 l
136 2363 306 2448 pontifices,
322 2363 455 2445 quinque
475 2383 614 2446 augures,
641 2362 679 2424 de
702 2362 792 2445 plebe
817 2384 935 2442 omnes,
957 2366 1179 2447 adlegerentur.

35 2457 38 2496 l
139 2450 403 2521 Quemadmodum
430 2450 470 2513 ad
493 2461 621 2532 quatuor
644 2469 790 2530 augurum
816 2463 985 2528 numerum,
1009 2452 1066 2514 nisi
1082 2463 1180 2515 morte

35 2602 36 2623 p
140 2535 280 2617 duorum,
305 2536 338 2598 id
364 2535 460 2619 redigi
485 2535 647 2617 collegium
671 2533 817 2619 potuerit,
840 2556 902 2599 non
924 2536 1063 2616 iuvenio;
1086 2559 1179 2621 quum

139 2624 218 2685 inter
240 2642 366 2705 augures
392 2633 522 2700 constet,
548 2623 730 2707 ”inparem
756 2642 915 2685 numerum
930 2625 1041 2687 debere
1054 2646 1130 2704 esse,
1144 2638 1180 2688 ut

139 2720 202 2771 tres
217 2710 348 2793 antiqua
363 2710 468 2787 tribus,
488 2708 633 2788 Ramnes,
647 2704 811 2787 Titienses,
834 2708 973 2789 Luceres,
996 2732 1082 2772 suurn
1097 2732 1179 2793 qua.-

35 2810 40 2869 ῑ
139 2814 197 2876 que
213 2814 355 2877 augurem
379 2795 531 2873 habeant3
555 2806 619 2872 aut,
644 2794 669 2855 si
684 2793 819 2876 pluribus
838 2795 879 2857 sit
904 2818 990 2879 opus,
1016 2798 1083 2879 pari
1101 2798 1181 2859 inter

139 2902 171 2942 se
193 2902 318 2943 numero
340 2880 514 2945 sacerdotes
536 2879 760 2961 multiplicent:
784 2881 862 2943 sicut
883 2883 1075 2966 multiplicati
1098 2895 1181 2962 sunt,

35 3018 36 3021 η
139 2988 231 3048 quum
247 2967 287 3028 ad
301 2980 428 3047 quatuor
444 2966 574 3048 quinque
600 2964 713 3045 adjecti
736 2986 845 3027 novem
860 2987 1030 3047 numerum,
1051 2979 1086 3029 ut
1100 2971 1180 3031 terni

113 3112 116 3117 .
140 3053 171 3113 in
197 3052 331 3133 singulas
356 3062 467 3129 essent,
491 3050 697 3133 explevemnt.
741 3048 896 3128 censum,
925 3054 997 3133 quia
1026 3053 1064 3113 de
1090 3054 1180 3136 plebe

35 3156 40 3197 a
140 3136 368 3218 adlegebantur,
379 3136 470 3217 juxta
484 3156 551 3197 eam
567 3155 632 3198 rem
646 3155 723 3216 segre
745 3136 826 3219 passi
841 3134 954 3217 Patres,
971 3144 1072 3219 'quarn
1088 3160 1180 3221 quum

35 3242 39 3285 ε
141 3221 331 3285 consulatum
348 3223 464 3303 vulgari
489 3221 635 3283 viderent.
679 3218 871 3283 Simulnbant
890 3222 931 3284 ad
953 3222 1035 3286 Deos
1060 3224 1092 3285 id
1113 3247 1181 3286 ma-

35 3308 38 3327 '
141 3310 198 3391 gis,
221 3328 313 3391 quam
329 3306 369 3369 ad
384 3328 427 3387 se,
449 3308 620 3393 pertinere:
644 3306 725 3389 ipsos
739 3308 864 3387 visuros,
889 3329 929 3371 ne
943 3331 1031 3372 sacra
1045 3330 1101 3375 sua
1113 3312 1181 3394 pol-

527 3484 539 3511 θ
552 3478 647 3527 adrem
658 3472 733 3525 Groa.
744 3476 816 3527 Cres.

174 3623 199 3659 e
214 3624 331 3675 omum
345 3624 445 3689 quun]
460 3624 646 3691 anapaesto
677 3638 738 3675 ms
754 3624 816 3689 ma,
834 3634 862 3675 ιι
876 3624 930 3674 uss
946 3628 1030 3677 aas.
1043 3628 1104 3689 mer,
1114 3630 1186 3679 nuo

35 3686 36 3721 l
142 3690 646 3740 tmdiderseeteoslueitunusenostris
678 3691 737 3738 belli.

35 3794 38 3813 ,
143 3755 215 3813 libris,
227 3755 251 3801 in
263 3769 309 3817 quo
318 3754 575 3815 legirurtrscrsdidsrs.
601 3754 647 3802 Ni·
672 3778 674 3785 ⁴
710 3754 734 3789 ὓ
750 3752 858 3817 lsspsr'ssn
878 3752 1005 3815 mm]
1029 3754 1122 3821 Nempe
1136 3767 1186 3805 ter·

142 3820 228 3868 miram
248 3819 353 3867 librarius
379 3821 433 3869 dum
457 3821 547 3869 dubitat
569 3830 648 3869 arram
679 3819 780 3876 nssr'um,
792 3820 831 3868 sel
850 3836 865 3868 e
883 3819 984 3867 sunnio
997 3820 1093 3869 sutum.
1125 3820 1185 3870 Hsec

142 3899 256 3949 apponere
274 3884 377 3941 debent,
395 3886 513 3948 suriuqos
525 3885 592 3933 berbi
603 3886 647 3949 pri·
678 3884 741 3934 enirn
759 3896 794 3932 ess
810 3884 868 3932 Livii
879 3900 953 3940 meu,
968 3898 1016 3932 noa
1029 3896 1065 3935 sat
1081 3896 1186 3934 maram

143 3966 205 3998 mm
214 3948 323 4014 sylisbsns
334 3950 453 4013 expressit,
462 3962 490 3999 ιιι
499 3950 595 4013 eligeret
605 3966 648 4015 pe-
679 3951 775 3999 fsrtssse
786 3949 815 3997 sb
829 3953 924 3998 suetoso
939 3947 1058 4011 suplicata.
1090 3950 1186 4000 Cossus

133 4017 203 4079 ¹risus
212 4014 293 4065 neos.
680 4027 729 4065 tres
749 4030 801 4065 esse
829 4015 905 4079 primo
929 4014 1015 4063 debere
1035 4028 1141 4075 swern,
1158 4026 1188 4063 nt

175 4080 196 4114 Ἰ
213 4079 313 4129 Aduerso
329 4078 379 4127 belli
395 4080 441 4144 sss]
458 4080 568 4129 Testatur
587 4078 648 4128 Gro-
680 4096 747 4129 suum
758 4096 855 4145 quaque
864 4093 913 4129 tres
921 4078 1023 4141 antiqua
1032 4080 1105 4128 tribus
1114 4096 1187 4143 sugu-

144 4144 224 4193 norius
240 4143 334 4209 scriptos
348 4145 478 4209 plerosque,
491 4156 516 4195 er
534 4142 649 4208 antiquius
680 4159 730 4193 rem
747 4144 859 4193 hbesnse
876 4145 897 4193 si
908 4142 1012 4208 pluribus
1025 4145 1057 4193 sis
1070 4160 1136 4207 opus,
1150 4161 1188 4193 ss·

143 4209 307 4259 editosousnes
318 4210 511 4260 hsbsresdssrss.
544 4210 648 4259 Conseu-
681 4210 811 4269 animnos,
827 4209 844 4258 i.
855 4224 878 4259 e.
889 4223 1002 4269 augurum
1021 4210 1187 4259 numeramus

35 4324 37 4341 Ι
144 4274 319 4337 aiuntquinqus
336 4290 350 4324 a
368 4276 451 4324 noerris
466 4274 536 4323 MSS.
571 4276 651 4337 Atque
682 4274 768 4323 debere
789 4268 901 4338 emplia'rb
919 4285 946 4321 ut
964 4286 1006 4337 pss
1025 4275 1055 4322 sis
1075 4290 1188 4337 augurum

146 4355 217 4401 quum
234 4340 258 4386 in
277 4340 358 4388 eodem
369 4356 435 4389 versu
452 4338 520 4403 paulo
535 4351 590 4389 aste
603 4338 651 4403 jam
683 4354 793 4387 nummus
803 4339 828 4386 in
838 4354 973 4401 unaquaque
982 4340 1126 4402 mtiqsrsnsm
1138 4341 1188 4388 ills·

144 4404 411 4467 reperiaturmbulum
428 4420 472 4463 sas,
491 4404 547 4453 illud
563 4404 601 4453 bic
615 4415 652 4452 te·
669 4418 736 4452 -mm
755 4404 866 4451 tribuum
908 4403 978 4451 Unde
997 4404 1112 4466 colligitur
1132 4406 1189 4453 illud

146 4467 322 4517 meresdditum
333 4471 515 4532 enesmpicssur
522 4470 651 4518 ideme
668 4468 804 4531 vcollegium
823 4470 851 4517 sd
869 4482 991 4517 numerum
1009 4478 1103 4531 quotuor
1117 4470 1189 4530 redigi

145 4532 382 4597 assimilansque
398 4534 486 4585 dedisse
496 4536 541 4585 bor
551 4534 603 4585 laco
611 4537 651 4584 ad·
683 4549 730 4582 non
741 4534 840 4598 potuine
851 4534 895 4582 nisi
906 4545 979 4585 morte
989 4534 1095 4586 duorum

190 4618 266 4667 VOL.
283 4620 305 4665 Ι.
706 4620 727 4663 0
742 4623 762 4663 0
