3175 5200
366 322 428 391 212
771 308 856 373 'rm
874 306 975 370 mvn

201 476 237 530 Β.
248 476 278 527 c.
289 476 346 531 att.
372 470 384 507 ‘
398 467 513 533 tribuni
526 471 553 513 ⁸²
564 466 674 531 eodem
690 452 806 529 foedere
820 466 972 549 obligatos
995 484 1027 526 se
1043 462 1194 525 lateatrtur
1208 461 1354 525 tollenda
1369 462 1430 524 ad-

203 546 236 593 *
247 542 276 597 ⁰·
285 546 343 596 ⁴⁴⁶·
372 558 385 593 ‘
399 559 574 644 pellationis
587 574 703 633 caussa,
713 554 745 616 in
762 574 854 634 quam
869 551 1058 634 conspirasse
1070 551 1258 613 decemviros
1269 551 1428 612 criminati

374 646 463 707 ‘sint
473 668 484 724 ;
509 644 591 705 “ait
613 662 645 703 se
666 661 830 723 provocare
852 640 892 700 ad
912 638 1078 721 populum:
1113 638 1265 720 inplorare
1284 637 1368 719 leges
1385 637 1427 698 de

373 733 385 767 ‘
400 731 626 817 provocatione,
635 738 668 789 et
678 727 864 804 consulares,
875 736 907 786 et
915 724 1102 801 tribunicias,
1114 744 1153 784 eo
1162 726 1231 806 ipso
1242 744 1324 785 anno
1334 724 1426 785 latas.

372 820 384 854 ‘
399 819 497 889 Quem
513 816 594 879 enim
611 824 856 897 provocaturum,
879 812 905 872 si
920 812 980 872 hoc
992 810 1172 872 indemnato
1187 810 1305 871 indicta
1315 831 1427 871 caussa

371 905 384 939 ‘
398 924 459 965 non
472 902 579 965 liceat?
604 901 652 962 cui
667 901 789 983 plebeio
804 911 837 960 et
851 896 957 959 humili
972 895 1145 977 presidium
1165 896 1197 956 in
1213 896 1331 977 legibus
1348 897 1425 975 sore,

370 991 421 1051 ‘si
436 989 498 1072 Ap.
514 988 644 1051 Claudio
658 1008 722 1049 non
737 986 798 1048 sit?
820 1005 853 1044 se
867 981 1052 1043 documento
1063 980 1209 1061 brunum,
1225 992 1324 1044 utrum
1336 984 1425 1044 novis

370 1076 514 1157 ‘legibus
530 1072 711 1148 dominatio,
733 1092 772 1130 an
788 1071 912 1130 libertas
933 1067 1055 1130 firmata
1073 1068 1132 1130 sit:
1157 1078 1189 1129 et
1215 1074 1244 1107 ⁸³
1256 1069 1427 1151 adpellatio

370 1163 382 1195 ‘
397 1157 784 1245 provocatioqueadversus
795 1153 936 1236 injuriam
945 1156 1178 1236 magistratuum
1189 1166 1346 1217 ostentata
1352 1168 1425 1218 tan-

371 1247 382 1282 ‘
397 1257 463 1307 tum
478 1244 619 1317 inanibus
633 1243 740 1319 literis,
752 1263 791 1303 an
806 1262 874 1303 vere
890 1241 964 1303 data
978 1240 1038 1303 sit?

414 1328 511 1393 LVII.
535 1328 652 1391 Contra
667 1328 727 1390 eal
742 1326 911 1409 Virginius,
920 1348 1014 1389 unum
1025 1327 1086 1410 Ap.
1102 1327 1265 1392 Claudium
1278 1341 1310 1391 et
1320 1329 1423 1411 legum

374 1428 530 1501 expertem
548 1428 581 1477 et
603 1415 747 1477 civilis'et
762 1415 887 1477 humani
904 1415 1025 1477 soedaris
1041 1436 1119 1493 esse,
1131 1417 1242 1479 aiebat.
1287 1415 1425 1499 ‘Respi-

324 1551 330 1562 .
373 1502 648 1565 ‘cerenttribunal
669 1502 821 1581 homines,
843 1502 1001 1563 castellum
1024 1502 1161 1564 omnium
1184 1504 1348 1571 scelenrm:
1372 1504 1424 1564 ubi

373 1588 551 1665 “decemvir
568 1588 618 1650 ille
638 1598 811 1672 perpetuus,
826 1588 925 1669 bonis,
941 1599 1040 1671 tergo,
1052 1590 1191 1670 sanguini
1203 1591 1313 1652 civium
1328 1589 1425 1652 infes-

373 1676 384 1711 ‘
399 1687 459 1755 tus,
472 1676 571 1757 virgas
586 1695 766 1757 securesque
782 1675 923 1737 omnibus
934 1676 1089 1754 nrinitans,
1100 1674 1234 1737 Deorum
1247 1677 1426 1737 hominum-

373 1763 460 1845 ‘que
475 1773 667 1840 contemtor3
690 1762 892 1840 carnificibus,
922 1783 985 1823 non
1010 1762 1175 1841 lictoribus,
1198 1762 1336 1844 stipatus,
1353 1761 1425 1843 jam
1467 1818 1476 1831 ,

372 1848 438 1929 ‘ab
454 1849 568 1931 rapinis
584 1860 616 1909 et
639 1848 771 1910 caedibus
792 1848 895 1910 animo
916 1849 957 1910 ad
972 1848 1128 1910 libidinem
1152 1869 1247 1926 verso,
1268 1848 1423 1929 virginem

372 1934 384 1969 ‘
399 1935 563 2015 ingenuam
580 1934 611 1995 in
626 1934 721 1995 oculis
737 1934 843 2015 populi
855 1932 998 2011 Romani,
1015 1934 1097 1995 velut
1109 1933 1190 1995 bello
1208 1944 1341 2016 captam,
1357 1934 1398 1996 ab
1408 1943 1424 1971 ⁰

372 2020 386 2095 ἦ
399 2020 563 2102 complexu
577 2020 673 2101 patris
689 2020 859 2102 abreptam,
874 2020 1014 2082 ministro
1025 2020 1153 2081 cubiculi
1165 2020 1209 2082 sui
1221 2020 1323 2082 clienti
1336 2020 1425 2081 dono

371 2106 526 2183 ‘dederit
564 2103 627 2167 Ubi
643 2105 758 2167 crudeli
770 2106 894 2169 decreto
905 2106 1104 2187 nefandisque
1114 2106 1251 2168 vindiciis
1262 2107 1425 2167 dexteram

370 2192 383 2227 ‘
397 2193 493 2275 patris
508 2192 540 2252 in
555 2190 649 2252 liliam
666 2192 845 2254 armaverit:
869 2193 932 2272 ubi,
944 2191 1108 2255 tollentes‘¹
1123 2214 1233 2275 corpus
1244 2192 1428 2254 semianime

371 2277 532 2360 ‘uirginis
543 2298 690 2362 sponsum
706 2279 969 2362 aminculumque‘¹
985 2280 1018 2340 in
1033 2299 1186 2342 carcerem
1198 2279 1268 2353 duci
1276 2278 1424 2360 jusserit3

372 2364 384 2400 ‘
398 2376 503 2448 stupro
515 2364 709 2447 interpellato
721 2366 832 2449 magis,
848 2386 939 2447 quam
952 2366 1045 2445 caede,
1056 2377 1167 2428 motus.
1173 2377 1205 2428 et
1215 2366 1258 2427 illi
1270 2386 1426 2428 carcerem

374 2451 386 2485 ‘
400 2451 583 2513 aediticatr'rm
599 2472 675 2532 esse,
688 2453 771 2533 quod
784 2453 972 2515 domicilium
989 2453 1087 2535 plebis
1101 2452 1249 2515 Romana
1262 2474 1371 2514 vocare
1387 2453 1428 2513 sit

375 2536 517 2601 ‘solitun
562 2536 703 2619 Proinde,
716 2539 810 2602 utillo
821 2541 930 2603 iterum
948 2562 983 2602 ac
999 2540 1107 2623 saepius
1123 2550 1279 2624 provocet,
1294 2540 1338 2602 sic
1355 2542 1382 2579 ⁵⁶
1393 2560 1428 2601 se

375 2624 511 2688 ‘iterum
528 2647 563 2689 ac
580 2627 687 2709 saepius
700 2625 836 2708 judicem
852 2628 897 2688 illi
914 2626 1002 2706 ferre,
1017 2628 1049 2688 ni
1065 2628 1212 2690 vindicias
1233 2629 1272 2689 ab
1284 2627 1431 2688 libertate

375 2711 433 2773 ‘in
450 2713 624 2775 servitutem
640 2713 769 2777 dederit.
786 2715 811 2775 ai
827 2713 867 2774 ad
877 2711 1016 2796 judicem
1034 2735 1097 2775 non
1120 2726 1180 2794 eat,
1203 2736 1259 2796 pro
1279 2714 1431 2775 damnato

375 2797 433 2859 ‘in
448 2799 569 2880 vincula
580 2800 650 2861 duci
658 2797 787 2881 juberc.’
845 2798 891 2862 Ut
904 2801 988 2862 haud
1002 2820 1156 2882 quoquam
1172 2802 1365 2882 inprobante,
1382 2801 1430 2860 sic

375 2905 490 2966 magno
502 2897 589 2970 motu
599 2886 780 2965 animorum,
793 2908 887 2969 quum
898 2888 976 2950 tanti
987 2888 1043 2949 viri
1054 2888 1204 2971 supplicio
1213 2899 1333 2948 suamet
1344 2886 1427 2968 plebi

207 2994 357 3045 mmm
373 2969 440 3055 jam
456 2971 551 3034 nimia
574 2973 699 3036 libertas
722 2973 884 3052 videretur,
906 2975 938 3036 in
959 2995 1111 3037 carcerem
1127 2986 1175 3036 est
1190 2972 1356 3055 conjectus.
1371 2973 1428 3033 tri-

205 3060 303 3111 ndns.
376 3059 475 3140 hunus
491 3059 519 3120 ei
533 3058 615 3120 diem
631 3063 658 3106 ⁶⁷
670 3059 815 3143 prodixit.
860 3060 943 3123 lnter
962 3061 1026 3123 haec
1050 3063 1088 3122 ab
1104 3060 1220 3124 Latinis
1236 3071 1269 3122 et
1283 3059 1430 3121 Hernicis

376 3143 471 3228 legati
483 3145 669 3228 gratulatum
682 3147 721 3208 de
734 3147 898 3209 concordia
907 3147 1072 3210 Patrumac
1082 3147 1179 3230 plebis
1189 3147 1322 3209 Romam
1334 3167 1430 3207 vene-

376 3243 461 3308 runt3
479 3231 654 3314 donumque
663 3234 704 3294 ob
716 3242 783 3294 eam
792 3231 863 3297 Jovi
872 3235 992 3317 optimo
1000 3234 1136 3297 maximo
1146 3255 1291 3296 coronam
1303 3252 1430 3295 auream

376 3319 408 3380 in
424 3301 611 3400 Capitolium
625 3319 721 3381 tulere
737 3319 820 3401 parvi
837 3321 992 3404 ponderis,
1008 3329 1101 3404 prout
1115 3343 1163 3384 res
1179 3321 1262 3383 haud
1276 3319 1431 3402 opulentae

376 3415 475 3481 erant,
489 3403 728 3484 colebanturque
752 3405 916 3486 religiones
935 3409 986 3489 pie
1005 3410 1116 3489 magis,
1140 3429 1231 3489 quam
1255 3405 1432 3487 magnifice.

376 3487 490 3564 lisdem
506 3489 679 3550 auctoribus
695 3491 852 3572 cognitum
877 3502 935 3571 est,
957 3489 1076 3573 AEquos
1100 3489 1289 3574 Volscosque
1306 3511 1433 3552 summa

406 3610 676 3664 *mmmm-Crem
775 3613 886 3664 eam.
952 3613 1384 3680 ‘mmmmmraavenn

405 3726 427 3764 Β
445 3725 776 3795 maswandom
791 3731 888 3794 ΨΜ.
951 3729 974 3765 w
989 3731 1173 3795 &nn-im
1184 3730 1345 3796 mil-mim]
1371 3727 1431 3778 vid·

372 3796 438 3843 tion'rr
455 3810 532 3854 caan,
551 3795 578 3842 in
596 3792 672 3860 qm]
699 3795 778 3846 Posses
800 3797 888 3846 referre
918 3798 1208 3861 not.4.sdc.24.nujus
1218 3795 1280 3845 libri.

372 3857 404 3907 nl
419 3875 485 3923 pan
501 3861 530 3910 ad
547 3875 633 3908 nomen
652 3861 809 3922 emundaris
839 3861 887 3911 Sed
951 3861 973 3899 ⁵⁷
989 3860 1103 3925 Prodito]
1127 3859 1432 3923 Sichsbenttresercrip-

372 3921 397 3971 id
417 3934 481 3975 vetat
511 3941 555 3975 vox
583 3926 662 3982 eodm,
687 3939 740 3990 quae
765 3925 887 3975 manifeste
918 3927 1039 3976 tisnosuir
1047 3928 1085 3976 vel
1101 3928 1181 3991 optimi
1191 3939 1216 3975 et
1225 3925 1386 3990 antiquissimi¹
1403 3937 1434 3972 ut

372 3991 466 4053 respicit
475 3989 596 4042 relitivnm
607 4005 714 4053 aequem.
747 3991 884 4052 ltaquenon
917 3991 1062 4055 conjecennt
1079 3992 1202 4041 doctissimi
1221 3992 1263 4040 riri
1284 3991 1352 4038 Bam.
1365 3989 1434 4036 Bris-

374 4053 512 4122 dubitamttr,
533 4059 590 4120 quin
606 4055 729 4118 legendum
744 4055 884 4118 aitinprod.
916 4057 1247 4116 sonim,etllenr.Valesius.
1278 4055 1367 4115 Vulgus
1379 4054 1435 4101 edi-

408 4116 429 4150 “
451 4120 503 4184 aa]
537 4121 599 4184 Lege
621 4137 675 4171 cunr
696 4121 745 4170 Jrc.
767 4121 885 4170 Oronorio
915 4133 992 4171 torum
1014 4123 1107 4171 dedant
1128 4125 1237 4185 predum
1269 4123 1356 4171 Senatu
1377 4131 1433 4167 ert:

375 4187 409 4227 at.
440 4181 477 4232 Sic
493 4185 542 4235 l.r.
561 4202 583 4235 c.
598 4189 639 4237 ⁴1.
671 4186 755 4236 Silua
771 4201 797 4235 re
813 4187 885 4235 subto
915 4186 986 4235 Diem
996 4186 1121 4250 longiorem
1137 4188 1223 4251 judicio
1240 4183 1435 4247 dixit,1udiciam

375 4243 465 4293 mlta
475 4251 801 4315 tnpmtmdtummrqum.
827 4251 885 4301 Vid.
916 4253 1005 4301 remisit
1015 4253 1038 4300 in
1049 4253 1117 4300 sliam
1127 4253 1189 4302 diem
1199 4254 1356 4299 remotiorem.
1392 4249 1436 4298 Sic

374 4309 672 4389 ete.³l.ho1quibri,et
684 4331 722 4369 rx.
735 4318 756 4366 l.
915 4333 982 4381 supra
995 4331 1023 4367 ιι.
1043 4319 1083 4370 61.
1096 4327 1124 4369 ut
1135 4320 1192 4368 dion
1204 4319 1247 4380 ipsi
1259 4332 1300 4366 nra
1316 4316 1436 4366 wissara

409 4369 573 4453 flamiam]
592 4377 887 4450 1ιι·ιριιιὶιιιιάἰιτὶἱιιιιιοι.
913 4383 1059 4446 metimur.

377 4433 671 4508 &mappulum
