3175 5200
518 292 594 356 mu.
612 294 664 357 lv.
695 290 777 357 CAP.
796 290 896 357 XXX.
1168 302 1227 361 m

192 452 365 517 nonnum
386 451 578 517 excursiones
602 452 749 517 lecerunt.
807 450 992 533 Fsms'lirit,
1014 452 1163 536 qaosdsta
1187 462 1378 517 eumaem.

193 538 384 603 Fidenatium
405 538 565 638 juventute
592 540 755 623 participes
788 538 854 621 ejus
878 540 1084 623 populationis
1112 540 1225 603 sulm
1238 527 1398 657 &m

193 627 386 709 cognitioque
411 646 475 708 eJus
497 627 539 689 rei
569 624 606 689 ln
635 625 751 711 Sergio,
781 638 814 689 et
838 626 878 698 Q.
900 623 1046 706 Servilio,
1066 638 1106 691 ‚et
1128 624 1227 689 Mam.
1238 655 1390 711 ΝΜ,
1487 670 1492 675 .

193 710 320 775 AEmilio
338 713 491 797 permissa.
526 706 668 784 'Quidem
688 713 809 777 Ostiam
828 713 965 796 relegati,
987 712 1079 795 quod,
1100 734 1154 777 cur
1174 734 1228 797 per
1240 722 1353 775 rtem

192 819 244 861 eos
264 800 328 863 dies
350 820 369 861 a
390 796 511 863 Fidenis
533 800 690 878 adiissent,
719 820 826 883 parum
856 801 1025 867 constabat.
1052 800 1230 863 colosmum

193 884 315 949 additus
336 903 488 962 numerus,
511 904 641 967 agerque
663 886 700 947 iis
727 888 807 951 bello
832 888 1064 953 interemtorum
1086 886 1231 968 adsigna·

193 984 253 1035 tus.
297 968 444 1033 Siccitate
463 990 500 1030 eo
526 988 607 1032 anno
630 970 791 1052 plurimum
814 974 985 1038 laboratum
1000 984 1067 1037 eet:
1089 994 1147 1037 nec
1169 975 1346 1037 cca-810&-

193 1058 283 1121 lestes
312 1056 406 1119 modo
433 1055 593 1119 defuerunt
617 1074 713 1135 sque,
749 1056 804 1117 sed
829 1068 909 1121 terra
936 1080 1069 1143 quoque,
1097 1060 1234 1143 ingenito

193 1143 320 1207 humore
330 1162 434 1225 egens,
455 1141 506 1205 vix
521 1142 562 1203 ed
575 1162 720 1225 perennes
735 1139 867 1205 subiecit
881 1163 995 1207 amnes.
1010 1146 1147 1210 delectus
1162 1142 1236 1209 alibi

194 1250 341 1313 aquarum
366 1230 448 1293 circa
467 1228 598 1307 torridos
613 1228 713 1291 sontes
728 1228 868 1310 rivosque
879 1240 1013 1311 stragem
1027 1231 1078 1295 siti
1091 1252 1237 1315 pecorum

196 1316 392 1380 morientium
415 1315 520 1379 dedit:
554 1315 655 1379 scabie
674 1314 735 1377 alia
758 1314 918 1379 absumta:
939 1317 1140 1399 vulgatique¹
1161 1340 1236 1386 cone

196 1414 282 1467 teror
293 1403 324 1464 in
336 1402 473 1465 homines
488 1402 596 1481 morbi,
610 1411 643 1463 et
660 1401 761 1484 primo
776 1402 809 1463 in
827 1413 963 1485 agrestes
983 1403 1159 1485 ingruerant
1172 1425 1237 1467 set-

195 1491 339 1572 vitiaque.
362 1490 432 1551 urbs
456 1488 565 1551 deinde
586 1487 727 1570 inpletur.
770 1486 837 1553 Nee
857 1508 986 1570 corpora
1007 1489 1101 1553 modo
1114 1490 1238 1556 adfecte

197 1580 270 1641 tabo
279 1587 304 1655 ⁰,
319 1576 372 1638 sed
388 1576 505 1637 animos
526 1594 644 1657 quoque
661 1574 822 1659 multiplex
847 1575 966 1658 religio,
979 1586 1012 1638 et
1023 1576 1167 1659 pleraque
1180 1597 1236 1639 ert·
1249 1593 1400 1643 unumn-

197 1674 297 1743 terna,
307 1662 437 1740 invasit,
461 1664 592 1723 ιοιιονοε
612 1662 686 1723 ritus
710 1665 735 1702 ⁸¹
748 1661 964 1725 sacrificandi?
976 1662 1170 1732 vaticinando
1189 1658 1360 1727 ist-W

196 1749 361 1813 serentibus
373 1749 404 1811 in
419 1748 538 1827 domos,
553 1747 795 1831 quibsuqusestui
822 1761 893 1814 sunt
915 1749 998 1831 capti
1023 1750 1239 1834 superstitione

197 1836 310 1899 animi:
334 1836 470 1898 ”donec
499 1834 638 1918 publicus
666 1834 732 1917 jam
754 1836 854 1920 pudor
879 1836 919 1899 ad
943 1835 1088 1918 primores
1108 1837 1239 1904 civitatis

196 1923 344 2007 pervenit,
376 1933 535 1985 cernentes
557 1922 588 1984 in
615 1922 756 1985 omnibus
786 1923 860 1985 vicis
885 1922 1063 2005 sacellisque
1190 1923 1198 1938 ⁰

197 2021 288 2091 atque
313 2010 437 2073 insolita
464 2009 585 2091 piacula
617 2010 700 2092 pacis
734 2007 840 2073 Deum
875 2010 1083 2092 exposcendae.
1125 2008 1242 2074 Danum

120 2160 125 2167 ,
198 2096 269 2158 inde
290 2097 447 2179 negotium
473 2096 618 2175 edilibus,
647 2107 684 2159 ut
708 2096 995 2176 animadverterent,
1027 2118 1068 2161 ne
1092 2097 1155 2179 qui,
1183 2096 1241 2159 nisi

200 2180 331 2245 Romani
353 2180 417 2261 Dii,
440 2201 500 2244 neu
522 2203 584 2264 quo
612 2182 673 2246 alio
697 2204 793 2262 more,
817 2204 909 2265 quam
931 2183 1042 2267 petrio,
1062 2183 1243 2247 colerentur.

200 2266 255 2331 lne
274 2269 415 2332 adversus
429 2267 572 2331 Veientes
597 2269 629 2331 in
645 2270 856 2351 insequentem
878 2290 1001 2350 annum,
1024 2269 1061 2333 C.
1082 2268 1242 2334 Servilium
1256 2286 1288 2337 u.
1298 2285 1328 2335 c.
1338 2285 1396 2334 set.

198 2353 343 2434 Ahalam,
376 2354 410 2418 1..
437 2354 589 2438 Papirium
614 2354 819 2438 Mugillanum
845 2358 994 2436 consules,
1028 2357 1130 2420 dilatis
1157 2369 1241 2421 sont.
1257 2348 1396 2424 ΒΨ·

122 2514 125 2523 ,
167 2517 168 2521 ¹
198 2440 287 2505 Tum
310 2462 440 2523 quoque,
462 2463 502 2503 ne
527 2442 687 2505 confestim
709 2444 822 2507 bellum
849 2444 1040 2522 indiceretur,
1060 2463 1136 2506 neve
1150 2463 1239 2505 exer·
1254 2410 1395 2544 ἓξὲξ

199 2528 277 2591 citus
306 2528 508 2606 mitterentur,
539 2527 643 2610 religio
669 2529 799 2591 obstitit
825 2530 947 2592 feciales
965 2530 1048 2614 prius
1074 2528 1366 2599 mittendosltcosa

198 2615 239 2676 cd
268 2635 315 2676 res
345 2615 525 2698 repetendas
553 2634 706 2680 censuere.
726 2632 730 2640 ¹
753 2615 831 2678 Cum
858 2615 1038 2680 Veientibus
1058 2636 1155 2700 nuper
1176 2615 1243 2679 acie

198 2700 378 2764 dimicatum
404 2701 445 2764 sd
473 2698 662 2765 Nomentum
689 2712 721 2764 et
747 2701 878 2767 Fidenas
904 2703 1023 2784 luerats
1054 2703 1243 2785 induciasque

172 2811 176 2822 ¹
199 2786 281 2865 inde,
301 2807 363 2850 non
378 2807 440 2872 pax
460 2786 562 2851 fecta:
586 2808 714 2869 quarum
737 2801 769 2852 et
791 2789 857 2853 dies
878 2791 1005 2870 emeret,
1027 2801 1061 2852 et
1074 2801 1148 2854 ante
1161 2791 1243 2854 diem

198 2873 426 2938 rebellaverunt.
484 2871 573 2938 Missi
598 2887 703 2938 tumen
734 2875 876 2939 feciales:
911 2898 969 2939 aec
998 2897 1115 2957 eorum,
1149 2897 1245 2958 quum
1314 2903 1321 2916 ·

199 2979 285 3020 more
299 2971 419 3040 patrum
429 2958 525 3041 jurati
540 2972 714 3042 repeterent
730 2983 790 3039 res,
803 2964 898 3025 verbs
914 2974 986 3026 sunt
1000 2963 1117 3026 audita.
1161 2960 1245 3024 Con·
1331 2983 1346 3015 s

200 3045 346 3106 troversia
370 3045 440 3106 lnde
463 3045 530 3123 luit,
558 3057 660 3108 utrum
685 3048 791 3129 populi
809 3047 896 3130 jussu
913 3048 1099 3114 ¹indiceretur
1120 3047 1245 3125 bellum,
1257 3049 1398 3130 Veientibus

202 3149 242 3191 an
255 3129 328 3190 satis
352 3141 432 3191 esset
453 3130 759 3194 senatusconsultum.
805 3131 960 3196 Pervicere
979 3133 1103 3209 tribuni,
1129 3116 1345 3196 denuc-linum
1354 3131 1390 3166 ¹¹¹·

202 3215 313 3278 ciendo
335 3215 522 3298 inpedituros
545 3234 578 3275 se
603 3214 767 3293 delectum,
781 3227 817 3278 ut
839 3219 1017 3281 ”consules
1040 3217 1079 3279 de
1104 3217 1186 3280 bello
1205 3185 1354 3282 adlm'

201 3303 347 3386 populum
362 3299 486 3364 ferrent.
497 3319 603 3364 omnes
617 3299 760 3364 centurie
766 3299 895 3381 jussere.
926 3302 963 3366 ln
973 3323 1013 3366 co
1027 3323 1148 3386 quoque
1161 3304 1246 3388 plebs
1327 3371 1332 3378 ,

233 3483 552 3552 uvegernenrem.
643 3483 872 3539 morannum
963 3487 1216 3555 »mmmm

234 3661 257 3696 ⁸⁰
272 3657 413 3709 Nonacrinas
427 3659 711 3790 mpietatem
741 3660 942 3728 dedecuismsd
959 3661 1132 3727 rempublicam,
1147 3662 1251 3728 acupi-
1369 3651 1374 3667 ’

201 3724 392 3792 &eremburgim
407 3727 477 3774 dm
511 3725 711 3776 Circumeuntibur
741 3738 808 3777 ustos
830 3729 907 3786 modo,
930 3730 1066 3792 pnicum,
1091 3730 1119 3776 sd
1142 3729 1254 3793 primores

202 3794 291 3848 domos,
301 3801 326 3840 et
336 3790 360 3839 iu
371 3807 409 3840 ess
417 3791 568 3842 inferentibus
580 3807 622 3857 per
631 3791 710 3842 rstici·
742 3794 839 3842 civitatis
848 3795 961 3860 peneuit.
987 3794 1026 3842 Sic
1038 3794 1062 3841 in
1073 3792 1256 3857 repleuesiralli‚

202 3857 327 3915 acumem,
337 3867 444 3922 tanquam
456 3857 563 3908 divinitus
570 3871 649 3909 meurs
660 3873 710 3906 sno·
743 3872 806 3908 xxv.
820 3861 843 3909 l.
876 3858 962 3908 Deissde
978 3861 1009 3908 od
1028 3858 1107 3907 Patres
1118 3859 1255 3906 ninam

202 3923 338 3980 ultuantes
347 3923 485 3972 merificsndl
496 3926 561 3974 ritus.
738 3923 1158 3988 publicamquerisnonr‘osrenoessitm.

236 3987 256 4022 ⁵¹
274 3985 429 4050 Sonfieasrds]
449 3985 711 4040 Hsreemeudrtioniri-
774 3987 795 4023 ⁵³
809 3988 911 4038 meula
933 3987 1256 4051 mssmvetssrtnmgm

203 4053 386 4104 tursuctoritste
405 4051 514 4132 librosque
529 4054 715 4120 Sigoniancnrm,
743 4067 857 4132 museum
874 4055 906 4103 ira
996 4064 1056 4104 teste
1076 4051 1256 4132 0¹⁰⁰?'5021U3

203 4117 713 4296 {ttulislttutnffiut'zfflz
745 4115 1256 4260 immittunt&

206 4249 349 4363 ⁰⁸le
381 4248 602 4382 ‘'ltin'‘fbl‘t‘lssl
631 4313 714 4364 n...
745 4245 1256 4376 Qffiffiffillffl

206 4377 279 4442 pudor
297 4329 405 4444 lsru'lplc
425 4331 556 4460 replsblies,
571 4381 587 4431 i.
604 4397 627 4432 e.
642 4381 715 4446 pedor
745 4378 890 4430 mumissia
905 4349 1067 4431 buncmudm
1083 4377 1140 4430 editi
1157 4373 1255 4428 suutC.

206 4443 236 4497 ds
256 4441 301 4495 nse
320 4441 425 4514 telius·
446 4446 621 4516 nunctum,
648 4446 715 4514 eujus
745 4443 866 4515 Seremus
883 4457 910 4502 ss
927 4447 956 4500 t.
973 4441 1086 4516 repnte
1117 4443 1255 4498 Hoeuaun
