3175 5200
552 364 629 431 uu.
648 364 701 431 IV.
725 364 814 431 ’ΘΑΕ
833 368 900 430 XV.
1166 372 1237 429 Jm

190 522 269 587 otius
284 524 434 587 strauere:
458 533 501 603 et,
522 523 534 559 ‘
548 524 622 606 quid
635 524 693 587 sibi
707 523 842 602 vellent',
858 524 1001 607 rogitare,
1015 524 1089 607 ‘qui
1099 534 1234 587 seoetate
1246 536 1281 589 u.
1290 537 1322 586 c.
1331 537 1391 589 316.

189 610 200 642 ‘
214 623 326 675 exacta
340 621 432 675 tanta
446 611 637 674 dimicationi
651 608 842 695 objicerent?
885 610 978 689 Dein,
991 632 1085 693 quum
1098 611 1234 693 undique
1245 604 1277 653 A.
1287 600 1317 651 ⁰·
1328 600 1387 653 ⁴³⁶·

186 697 256 780 plus
271 698 304 760 in
318 698 371 759 illo
386 698 471 761 senili
486 698 590 760 animo
601 718 663 759 non
677 696 794 759 consilii
805 696 909 775 modo,
920 696 976 758 sed
987 697 1097 760 etiam¹
1113 696 1232 759 virtutis

177 804 264 862 esse,
284 804 373 866 quam
397 784 428 846 in
452 784 593 847 omnibus
608 784 675 845 aliis
690 784 838 861 dicerent,
864 782 1061 864 laudibusque
1083 784 1165 845 baud
1183 784 1231 845 in-

184 870 301 933 meritis
313 881 484 949 onerarent,
494 882 526 933 et
536 870 642 933 consol
652 870 728 933 nibil
737 870 908 932 remitteret
916 892 928 948 ς
951 879 1091 951 precato
1105 870 1230 931 tandem

181 952 267 1019 Deos
282 957 457 1019 inmortales
473 956 683 1035 Cincinnatus,
698 978 738 1018 ne
754 966 895 1021 senectus
906 976 962 1017 sua
977 956 1009 1017 in
1024 966 1089 1017 tam
1103 954 1231 1037 trepidis
1243 970 1342 1022 croam

182 1044 270 1105 rebus
294 1043 407 1107 damno
423 1044 601 1107 dedecorive
624 1043 795 1127 reipublice
810 1054 901 1122 esset,
924 1042 1060 1105 dictator
1073 1064 1093 1104 a
1106 1041 1231 1105 consuls
1241 1036 1339 1087 tam

182 1128 303 1277 ricrnp.
319 1130 384 1215 ipse
401 1130 511 1193 aetnae
536 1128 573 1193 c.
599 1128 759 1193 servilium
785 1129 919 1195 Annam
936 1130 1118 1213 magam
1145 1100 1368 1218 equ-3¹:⁰²⁸*

182 1225 247 1277 tum
284 1217 349 1280 icit.

222 1300 310 1365 XIV.
348 1302 474 1367 Postero
500 1305 560 1384 die,
592 1304 747 1389 dispositis
766 1304 923 1389 presidiis,
944 1325 1037 1387 quum
1068 1304 1101 1365 in
1130 1300 1230 1363 forum

182 1388 400 1468 descendisset,
424 1412 628 1474 conversaque
647 1393 680 1454 in
700 1412 769 1455 eum
791 1392 878 1474 plebs
899 1392 1037 1455 novitate
1056 1391 1100 1453 rei
1114 1409 1153 1450 ac
1167 1388 1230 1449 mi-

182 1476 285 1539 raculo
309 1488 397 1555 esset,
422 1489 455 1539 et
473 1476 608 1541 Maeliani
636 1490 726 1561 atque
750 1480 816 1563 ipse
835 1479 898 1541 dux
912 1499 1017 1541 eorum
1032 1478 1064 1539 iu
1078 1498 1112 1539 se
1126 1476 1230 1537 inten-

98 1598 100 1603 «
178 1573 244 1623 tam
260 1563 320 1624 vim
333 1564 545 1648 tantiimperii
561 1576 740 1643 cernerent3
765 1576 906 1648 expertes
920 1565 1114 1628 consiliorum
1130 1561 1229 1643 regui,

178 1648 191 1681 ¹
206 1648 257 1731 qui
274 1649 432 1727 tumultus,
447 1652 530 1733 quod
546 1652 657 1715 bellum
672 1673 790 1735 repens,
807 1662 860 1714 aut
873 1651 1068 1715 dictatoriam
1084 1647 1229 1730 majesta·
1278 1662 1285 1674 ·

179 1734 191 1767 ‘
206 1744 279 1811 tem,
296 1746 349 1799 aut
363 1735 541 1805 Quinctium
558 1750 628 1819 post
642 1739 867 1821 octogesimum
879 1760 993 1800 annum
1009 1750 1158 1801 rectorem
1167 1733 1227 1796 rei-

180 1819 190 1852 ‘
204 1820 331 1901 publicas
343 1822 518 1901 quesisset,'
530 1824 716 1905 rogitarent3
734 1825 843 1887 missus
857 1826 897 1886 ab
918 1825 1070 1887 dictatore
1081 1820 1227 1885 Servilius
1301 1886 1304 1891 ,

179 1906 324 1989 magister
341 1909 477 1988 equitum
493 1909 533 1971 ad
547 1908 695 1988 Mettum,
711 1908 833 1972 ‘Vocat
844 1908 897 1985 te,'
913 1911 1022 1989 inquit,
1049 1902 1227 1971 ‘dictatos'
1239 1923 1375 1979 Malim-t

180 1991 282 2063 Quum
294 1994 420 2075 pavidus
431 1992 491 2072 ille,
506 1995 517 2028 ‘
529 1996 602 2077 quid
611 1995 724 2073 vellet:
734 1992 1114 2080 quaererettServiliusque
1123 1994 1227 2053 ‘caus-
1239 2008 1296 2043 m
1304 2006 1372 2041 '⁰³-

180 2078 191 2111 ‘
205 2100 270 2140 sam
286 2078 447 2142 dicendam
459 2079 539 2143 esse'
552 2092 747 2165 proponeret,
762 2082 969 2162 ‘crimenque,
983 2103 1003 2142 a
1018 2080 1159 2143 Minucio
1170 2078 1227 2140 de·
1239 2068 1285 2107 m·

179 2164 190 2197 ‘
205 2166 302 2227 latum
317 2166 357 2229 ad
369 2164 528 2246 Senatum,
546 2167 721 2231 diluendum
733 2165 755 2245 ;’
778 2165 981 2231 tuncMrelius
995 2167 1132 2251 recipere
1146 2186 1180 2227 se
1194 2166 1227 2227 in
1276 2218 1281 2225 .

179 2261 331 2313 catervam
354 2272 487 2332 suorum,
514 2266 547 2316 et
572 2255 703 2337 primum
730 2253 988 2337 circumspectans
1014 2250 1225 2337 tergiversari:

178 2348 344 2419 postremo,
368 2359 460 2421 quum
485 2341 641 2423 adparitor
659 2339 746 2422 jussu
772 2341 911 2423 magistri
930 2342 1069 2423 equitum
1088 2341 1226 2415 duceret,

177 2436 300 2506 ereptus
330 2446 349 2487 a
378 2426 654 2504 circumstantibus,
689 2427 878 2509 fugiensque,
906 2427 999 2490 fidem
1028 2426 1126 2509 plebis
1158 2424 1223 2487 Ro-

179 2530 276 2572 manae
300 2512 472 2593 inplorare:
504 2524 535 2575 et
560 2513 690 2595 obprimi
720 2534 752 2574 se
783 2532 933 2575 consensu
958 2511 1083 2575 Patrum
1110 2512 1224 2586 dicere,

179 2597 261 2676 quod
275 2597 356 2680 plebi
371 2598 502 2679 benigne
525 2599 665 2661 fecisset:
688 2621 785 2678 orare,
809 2611 846 2661 ut
865 2620 957 2682 opem
982 2598 1039 2660 sibi
1059 2597 1168 2661 ultimo
1191 2595 1225 2656 in

176 2681 350 2745 discrimine
371 2683 496 2762 ferrent,
510 2705 586 2747 neve
601 2695 673 2746 ante
695 2685 803 2747 oculos
824 2706 895 2746 suos
913 2685 1059 2746 trucidari
1078 2685 1225 2745 sinerent.

159 2765 251 2830 .Haec
275 2789 343 2836 eum
368 2770 588 2833 vociferantem
614 2771 777 2838 adsecutus
801 2770 903 2833 Ahala
928 2768 1071 2832 Servilius
1096 2770 1363 2831 obtrun-Occttttur.
1401 2776 1404 2781 ·

172 2864 246 2916 cat:
270 2877 483 2940 respersusque
508 2877 615 2920 cruore
636 2858 821 2935 obtruncati,
844 2858 975 2938 stipatus
990 2869 1113 2919 caterva
1126 2855 1227 2936 patri-

173 2942 291 3004 ciorum
311 2941 467 3024 juvenum,
493 2944 637 3006 dictatori
653 2944 822 3021 renunciat,
845 2956 988 3005 vocatum
1004 2943 1045 3004 ad
1059 2963 1130 3004 aum
1145 2940 1223 3004 Mse-

175 3025 260 3105 lium‚
280 3030 399 3109 repulso
420 3029 593 3112 adparitore
615 3030 823 3091 concitantem
837 3028 1223 3110 multimdinem,·poenam

176 3112 318 3173 meritam
348 3115 469 3176 habere.
511 3113 593 3176 Turn
616 3115 759 3192 dictator,
789 3113 923 3177 ‘Macte
951 3112 1083 3191 virmte‚'
1113 3113 1224 3193 iuquit,

174 3197 189 3234 ·‘
201 3195 237 3258 C.
247 3195 364 3276 Seruili,
378 3210 455 3277 esto,
471 3200 599 3265 liberata
613 3197 788 3281 republica!

218 3280 289 3345 XV.
310 3282 561 3346 'I'umultuantem
586 3284 695 3346 deinde
722 3284 950 3347 multitudinem
971 3284 1124 3346 ⁷⁷incerta
1142 3280 1223 3344 exis·

176 3369 365 3431 timatione”¹
382 3370 455 3450 iacti
466 3369 506 3432 ad
519 3370 696 3433 concionem
707 3370 809 3431 vocari
816 3368 923 3451 jussit3
938 3382 980 3449 et,
996 3367 1225 3449 ‘Maeliumjure

176 3455 187 3488 ‘
202 3455 332 3533 caesum,'
344 3456 567 3539 pronunciavit,
581 3455 697 3517 ‘etiam
711 3457 736 3518 si
753 3456 840 3536 regni
855 3457 982 3519 crimine
996 3458 1101 3520 insons
1115 3455 1222 3532 fuerit3
1235 3460 1382 3539 Factpmnde-

175 3541 186 3574 ‘
201 3541 386 3622 quivocatus
403 3563 422 3604 a
436 3543 582 3624 magistro
600 3542 734 3623 equitum
749 3542 790 3604 ad
810 3542 990 3605 dictatorcm
1005 3565 1068 3606 uon
1081 3542 1223 3604 venisset.
1233 3527 1309 3576 Μ
1319 3526 1390 3581 ‘'¹⁶¹''

176 3626 187 3659 ‘
201 3624 243 3690 Se
253 3628 294 3690 ad
302 3649 441 3691 caussam
453 3628 699 3710 cognoscendam
709 3628 882 3690 consedisse
894 3652 904 3706 ;
920 3651 980 3710 qua
988 3630 1124 3712 cognita,
1134 3629 1224 3691 habi·
1234 3605 1280 3643 ‘⁰¹’

176 3714 303 3776 ‘turum
320 3714 412 3776 fuisse
427 3713 564 3777 Maelium
587 3714 717 3776 similem
741 3735 854 3776 caussae
875 3714 1036 3778 fortunam.
1080 3713 1152 3774 Vim
1167 3735 1225 3795 pa-

177 3799 332 3879 ‘rantem,
357 3821 395 3862 ne
415 3799 533 3884 judicio
554 3822 586 3861 se
607 3801 824 3879 committeret,
842 3801 872 3861 vi
893 3803 1061 3864 coercitum
1076 3821 1152 3861 esse.
1167 3819 1226 3860 nec

178 3887 336 3965 ‘cum-eo,
356 3898 514 3969 tamquam
529 3907 599 3953 cum
620 3888 694 3965 cive,
715 3886 866 3970 agendum
887 3887 997 3966 frussc3
1021 3886 1072 3970 qui
1087 3897 1178 3947 natus
1194 3886 1226 3946 in

178 3971 188 4004 ‘
203 3973 298 4036 libero
310 3974 423 4056 populo
438 3974 517 4036 inter
527 3972 599 4054 jura
614 3974 767 4056 legesque,
782 3994 822 4036 ex
833 3995 895 4054 qua
908 3974 983 4036 urbe
998 3994 1085 4055 [ξω
1100 3981 1227 4035 exactos

177 4057 188 4091 ‘
202 4060 303 4139 sciret,
320 4059 489 4140 eodemque
504 4079 586 4121 anno
605 4061 632 4105 ⁷⁸
644 4061 755 4124 sororis
770 4059 850 4122 lilios
865 4061 955 4142 regis,
976 4071 1009 4122 et
1024 4060 1136 4121 liberos
1151 4078 1225 4119 con-

252 4172 259 4208 ¹
271 4174 301 4222 lit
312 4173 356 4224 hoe
366 4173 417 4224 locu
426 4175 491 4224 etium
501 4174 566 4224 abest
577 4190 590 4224 a
607 4173 660 4225 MS.
667 4173 749 4224 Veith·
814 4182 833 4208 ¹
841 4176 981 4227 ainaim
996 4174 1050 4225 MS.
1062 4172 1142 4225 veto.

81 4256 83 4258 ’
175 4265 249 4310 tuns
267 4255 377 4304 dictatore
392 4266 449 4304 tuno
462 4255 684 4320 provocationemsd
717 4270 794 4318 neque
811 4256 888 4304 adhue
904 4265 1012 4318 potuerat
1026 4254 1152 4318 antiquitus
1161 4255 1231 4316 snlg.

176 4317 285 4410 popnlqm
303 4335 350 4369 nou
365 4320 444 4370 fuisse.
476 4320 594 4370 Tsmenl.
607 4334 645 4369 ur.
662 4337 685 4398 e.
719 4331 799 4414 natan:
805 4321 923 4368 dictatum
931 4323 1074 4398 maJestqtem
1084 4319 1230 4368 imminuere.

176 4513 236 4558 tiou
252 4521 344 4562 met.
366 4513 456 4562 Verum
473 4515 567 4564 fortem
584 4515 688 4576 legailla
719 4516 897 4571 mdummt.

178 4574 689 4646 “mltumjtunundstuptuflttnttutttbtq
752 4581 776 4630 1⁸
791 4580 1020 4648 Smmfilitttssul
1035 4580 1233 4642 neormam

643 4663 662 4720 t
