3175 5200
452 380 546 442 nm
565 383 619 444 nr
639 383 831 446 marolus
848 387 953 447 non.
1096 408 1101 416 «
1173 411 1234 456 m

189 535 332 624 eadem,
350 559 432 633 quae
450 537 576 612 Livius
591 539 631 612 in
646 540 764 613 alteru
778 540 1030 636 maximaque,
1047 544 1155 618 nobis
1171 569 1230 621 re-

188 635 287 726 licta,
298 637 421 734 operis
431 637 489 710 sui
498 646 615 734 parte,
627 637 667 709 in
673 636 739 711 ·lib.
755 663 957 712 xri—nr.
974 646 1228 737 pertractavit.

188 735 282 830 Ejus
295 733 432 808 deinde
444 735 638 809 historiam
652 735 700 808 ad
718 757 825 810 suam
837 745 986 810 atatem
999 741 1233 817 continuavit

186 832 418 924 Posidonius,
436 834 591 918 Panaetii
615 834 819 932 discipulus
842 842 882 907 et
904 837 1084 932 magister
1099 840 1227 916 Cicer·

189 932 285 1021 onis,
302 932 367 1028 qui
382 933 496 1009 libros
514 955 579 1007 nn.
597 930 666 1006 τῶν
682 931 775 1030 μετὰ
792 930 968 1018 Πολύβιον
985 937 1133 1034 scripsit
1149 938 1235 1036 phi-

188 1030 381 1128 losophico
409 1030 573 1128 ingenio,
603 1054 698 1127 quos
726 1031 881 1105 laudant
910 1031 1045 1106 Strabo
1073 1039 1111 1124 3,
1142 1039 1231 1112 163.

188 1129 393 1204 Athenaeus
408 1133 447 1218 4,
463 1133 515 1204 36
533 1155 589 1228 sq.
607 1141 648 1204 et
663 1130 738 1203 alii.

236 1229 318 1303 Hos
336 1229 505 1324 aliosque
531 1251 658 1302 rerum
673 1230 929 1302 Romanamm
951 1237 1122 1304 auctores
1143 1258 1233 1310 cum

186 1327 295 1402 Livio
312 1327 367 1401 ita
396 1326 602 1424 comparari
624 1349 746 1423 posse,
761 1335 804 1398 ut
829 1326 1015 1422 adpareat,
1041 1335 1233 1423 quomodo·

188 1426 252 1500 hic
269 1425 416 1499 differat
432 1425 577 1514 abillis,
610 1433 650 1498 et
664 1432 849 1520 quantum
865 1424 1065 1520 unicuique
1082 1427 1232 1520 debeat,

190 1523 275 1620 quis
293 1533 363 1613 est,
390 1520 453 1618 qui
471 1547 547 1598 non
565 1545 715 1596 mecum
738 1522 869 1618 optet?
906 1523 982 1597 Sed
1000 1525 1171 1601 omnium
1185 1529 1234 1601 il.

188 1625 324 1710 iorum,
359 1622 389 1694 si
423 1621 634 1720 Polybium,
667 1619 906 1718 Dionysium,
937 1621 1154 1720 Appianum
1191 1637 1233 1703 et

186 1721 362 1808 Dionem,
381 1718 533 1793 Graeoos
563 1720 774 1816 scriptores,
793 1720 996 1816 exceperis,
1023 1723 1087 1818 qui
1105 1724 1186 1821 jam
1208 1752 1232 1800 a

183 1819 315 1894 multis
329 1819 427 1892 inter
440 1841 480 1892 se
494 1827 534 1892 et
549 1841 638 1892 oum
653 1816 762 1892 Livio
774 1817 925 1906 conlati,
939 1829 979 1893 at
989 1819 1063 1934 ipsi
1077 1845 1232 1920 quoque

185 1920 324 1992 misere
336 1916 499 1994 mutilati
513 1926 612 2006 sunt,
622 1916 731 1989 nobis
744 1916 904 1990 nonnisi
915 1940 1069 1992 nomina
1078 1931 1118 1995 et
1130 1922 1232 2020 frag-

184 2026 317 2091 menta
333 2016 487 2111 aliquot,
505 2024 699 2111 tamquam
716 2015 853 2087 tabula
868 2015 917 2088 de
933 2014 1139 2112 naufragio,
1152 2045 1231 2096 res-

183 2123 290 2199 tant;
316 2117 441 2210 neque
454 2113 501 2186 de
519 2137 651 2186 eorum
663 2111 790 2186 indole
803 2113 1008 2208 quidquam
1019 2116 1127 2189 nobis
1141 2143 1231 2194 con-

184 2221 313 2303 staret,
329 2213 402 2285 nisi
428 2212 619 2310 Polybius„
635 2210 763 2283 Livius
790 2211 926 2304 aliique
943 2235 1232 2311 nonnumquam

185 2313 301 2387 breve
318 2311 366 2384 de
377 2311 423 2382 iis
436 2309 622 2406 judicium
638 2309 826 2381 tulissent.
852 2310 911 2380 Eo
924 2308 965 2382 in
980 2310 1109 2406 primis
1127 2336 1233 2410 spec.

187 2416 275 2486 tant
291 2409 366 2482 duo
382 2407 574 2484 Ciceronis
590 2408 673 2479 loca
689 2406 737 2478 dc
753 2407 822 2478 Nr.
838 2408 874 2491 2,
897 2409 942 2478 12
959 2430 1014 2502 sq.
1034 2418 1073 2482 et
1089 2411 1137 2484 de
1153 2414 1230 2511 leg.

189 2511 223 2595 l,
244 2509 278 2581 2.
298 2507 420 2604 digna,
437 2529 519 2601 quae
536 2505 597 2578 hic
613 2504 787 2601 legantur
807 2504 993 2601 permixte
1009 2514 1155 2584 etcum
1169 2510 1228 2604 iis,

185 2632 269 2704 quae
283 2604 495 2703 supradixi,
509 2602 1231 2707 conferantur,utcertequaliscumque

184 2707 275 2781 inde
301 2704 488 2779 exoriatur
508 2708 679 2777 veterum
696 2700 972 2792 historicorum,
998 2704 1063 2800 qui
1086 2708 1230 2784 Nostro

183 2806 374 2903 praeivere,
392 2824 580 2891 recensus,
598 2799 797 2901 simulque,
811 2810 998 2896 quantum
1012 2802 1112 2895 licet,
1121 2807 1234 2883 intel.

183 2906 338 3001 ligatur,
352 2900 445 2998 quid
453 2908 711 2997 quantumque
719 2898 820 2973 inter
832 2923 897 2973 eos
907 2907 948 2974 et
957 2899 1106 2977 Livium
1115 2904 1231 2981 inter.

183 3003 244 3093 sit,
274 3012 314 3076 et
338 3024 430 3096 quse,
456 3000 583 3097 judice
605 2997 800 3088 Cicerone,
826 2998 968 3095 optima
992 3000 1041 3075 sit
1065 3001 1228 3081 historic

184 3100 388 3177 scribendae
414 3098 520 3173 ratio.
571 3098 730 3187 ‘Qualis
759 3096 916 3171 oratoris
941 3105 982 3171 et
1005 3102 1136 3194 quanti
1160 3103 1230 3178 ho-

185 3209 198 3245 ‘
215 3199 329 3275 minis
346 3198 387 3271 in
404 3196 565 3272 dicendo
579 3205 692 3293 putas
715 3219 811 3285 esse,
826 3194 1022 3270 historiam
1038 3202 1229 3275 scribere?

187 3298 272 3385 ‘Si‚
287 3304 332 3371 ut
347 3295 470 3369 Graeci
494 3294 733 3390 scripsemnt,
758 3294 919 3368 summi:
959 3294 1006 3383 si,
1028 3305 1071 3369 ut
1095 3300 1230 3393 nostri,

187 3393 314 3469 ‘nihil
330 3414 423 3490 opus
446 3400 505 3465 est
520 3398 691 3473 oratore;
728 3389 818 3463 satis
834 3398 902 3479 est,
918 3412 998 3465 non
1022 3416 1103 3469 esse
1120 3420 1228 3471 men.
1250 3418 1276 3455 a
1327 3408 1334 3438 ν

184 3502 201 3539 ⁶
219 3494 363 3567 dacem.
414 3488 534 3587 Atqui
552 3486 673 3561 Greci
685 3510 836 3583 quoquc
852 3488 905 3563 sic
917 3487 1025 3563 initio
1042 3492 1228 3592 scriptita-

182 3598 197 3637 ‘
215 3598 318 3679 runt,
335 3596 379 3663 ut
394 3596 524 3661 noster
535 3584 632 3661 Cato
649 3595 689 3659 et
700 3585 826 3661 Pictor
840 3595 878 3661 et
894 3587 992 3663 Piso.
1018 3589 1112 3666 Erat
1123 3595 1227 3670 enim

185 3698 199 3737 ⁶
214 3686 369 3763 historia
377 3686 471 3761 nihil
482 3684 594 3774 aliud,
607 3683 681 3758 nisi
693 3684 885 3759 annalium
897 3686 1100 3774 confertim
1119 3694 1228 3791 cujus

186 3788 270 3863 ‘rei
309 3784 574 3879 memoriaque
602 3782 761 3881 publicae
793 3782 1001 3861 retinendo
1035 3810 1147 3863 causa
1180 3792 1230 3866 ab

185 3885 322 3964 ‘initio
345 3908 472 3961 rerum
494 3886 750 3967 Romanamm
769 3904 894 3979 usque
912 3883 960 3955 ad
981 3886 1023 3958 P.
1040 3886 1228 3979 Mucium,

184 3992 197 4031 ‘
214 3983 431 4085 pontificem
446 3980 665 4071 maximum,
683 4004 742 4054 res
759 4003 892 4055 omnes
907 3980 1144 4078 singulorum
1160 4010 1228 4061 au·

184 4090 200 4129 ‘
215 4106 352 4160 nomm
369 4081 569 4158 mandabat
578 4079 695 4155 literis
707 4078 878 4177 pontifex
890 4079 1078 4157 maximus
1090 4082 1226 4160 refere-
1358 4121 1362 4130 ·

184 4186 351 4283 ‘batque
379 4182 420 4255 in
445 4180 573 4255 album
595 4186 636 4254 ct
658 4178 892 4277 proponebat
916 4178 1084 4255 tabulam
1107 4182 1224 4274 domi,

181 4290 377 4401 ‘potestas
402 4290 448 4357 ut
476 4286 576 4355 esset
602 4278 744 4393 populo
772 4276 1051 4393 cognoscendi3
1087 4278 1127 4369 ii,
1159 4286 1225 4378 qui

186 4386 330 4479 fetrum
345 4404 446 4457 nuuc
464 4378 618 4487 annues
641 4398 798 4455 marum
811 4387 1063 4469 nommautur.
1113 4380 1226 4457 Hanc
