<?xml version="1.0" encoding="UTF-8"?>
<!DOCTYPE html PUBLIC "-//W3C//DTD XHTML 1.0 Transitional//EN"
    "http://www.w3.org/TR/xhtml1/DTD/xhtml1-transitional.dtd">
<html xmlns="http://www.w3.org/1999/xhtml" xml:lang="en" lang="en">
 <head>
  <title>
</title>
<meta http-equiv="Content-Type" content="text/html;charset=utf-8" />
  <meta name='ocr-system' content='tesseract 3.04.00' />
  <meta name='ocr-capabilities' content='ocr_page ocr_carea ocr_par ocr_line ocrx_word'/>
</head>
<body>
  <div class='ocr_page' id='page_1' title='image "./tliviipatavinih03grongoog_0484.png"; bbox 0 0 3175 5200; ppageno 0'>
   <div class='ocr_carea' id='block_1_1' title="bbox 382 301 1068 380">
    <p class='ocr_par' dir='ltr' id='par_1_1' title="bbox 382 301 1068 380">
     <span class='ocr_line' id='line_1_1' title="bbox 382 301 1068 380; baseline -0.001 -15"><span class='ocrx_word' id='word_1_1' title='bbox 382 319 442 380; x_wconf 72' lang='lat'><strong>452</strong></span> <span class='ocrx_word' id='word_1_2' title='bbox 769 321 774 326; x_wconf 96' lang='lat'>·</span> <span class='ocrx_word' id='word_1_3' title='bbox 812 301 1017 368; x_wconf 82' lang='lat' dir='ltr'><strong>arnmvn</strong></span> <span class='ocrx_word' id='word_1_4' title='bbox 1045 315 1068 324; x_wconf 48' lang='lat'><strong>¹-</strong></span> 
     </span>
    </p>
   </div>
   <div class='ocr_carea' id='block_1_2' title="bbox 213 447 1541 3494">
    <p class='ocr_par' dir='ltr' id='par_1_2' title="bbox 213 447 1541 3494">
     <span class='ocr_line' id='line_1_2' title="bbox 213 447 1486 551; baseline -0.021 -9"><span class='ocrx_word' id='word_1_5' title='bbox 213 489 286 542; x_wconf 79' lang='lat' dir='ltr'><strong>tt.0.</strong></span> <span class='ocrx_word' id='word_1_6' title='bbox 297 489 354 541; x_wconf 80' lang='lat'><strong>415.</strong></span> <span class='ocrx_word' id='word_1_7' title='bbox 383 447 459 533; x_wconf 81' lang='lat' dir='ltr'><strong>‘sit</strong></span> <span class='ocrx_word' id='word_1_8' title='bbox 506 470 530 508; x_wconf 79' lang='lat'><strong>¹⁴</strong></span> <span class='ocrx_word' id='word_1_9' title='bbox 541 463 695 551; x_wconf 86' lang='lat' dir='ltr'><strong>Usurpate</strong></span> <span class='ocrx_word' id='word_1_10' title='bbox 709 463 805 528; x_wconf 91' lang='lat' dir='ltr'><strong>modo</strong></span> <span class='ocrx_word' id='word_1_11' title='bbox 825 462 1010 547; x_wconf 82' lang='lat' dir='ltr'><strong>postulando</strong></span> <span class='ocrx_word' id='word_1_12' title='bbox 1025 482 1073 540; x_wconf 92' lang='lat' dir='ltr'><strong>eo,</strong></span> <span class='ocrx_word' id='word_1_13' title='bbox 1087 459 1171 544; x_wconf 90' lang='lat' dir='ltr'><strong>quod</strong></span> <span class='ocrx_word' id='word_1_14' title='bbox 1185 457 1234 520; x_wconf 90' lang='lat' dir='ltr'><strong>illi</strong></span> <span class='ocrx_word' id='word_1_15' title='bbox 1247 454 1355 520; x_wconf 78' lang='lat' dir='ltr'><strong>vobis</strong></span> <span class='ocrx_word' id='word_1_16' title='bbox 1374 453 1486 516; x_wconf 81' lang='lat' dir='ltr'><strong>taciti</strong></span> 
     </span>
     <span class='ocr_line' id='line_1_3' title="bbox 214 546 1486 633; baseline -0.013 -10"><span class='ocrx_word' id='word_1_17' title='bbox 214 559 355 611; x_wconf 64' lang='lat' dir='ltr'><strong>llC·³³7·</strong></span> <span class='ocrx_word' id='word_1_18' title='bbox 384 555 593 630; x_wconf 78' lang='lat' dir='ltr'><strong>‘concedunt</strong></span> <span class='ocrx_word' id='word_1_19' title='bbox 637 549 671 616; x_wconf 87' lang='lat' dir='ltr'><strong>Si</strong></span> <span class='ocrx_word' id='word_1_20' title='bbox 693 571 784 633; x_wconf 88' lang='lat' dir='ltr'><strong>quem</strong></span> <span class='ocrx_word' id='word_1_21' title='bbox 806 552 866 615; x_wconf 90' lang='lat' dir='ltr'><strong>hoc</strong></span> <span class='ocrx_word' id='word_1_22' title='bbox 892 563 992 613; x_wconf 85' lang='lat' dir='ltr'><strong>metus</strong></span> <span class='ocrx_word' id='word_1_23' title='bbox 1013 548 1126 612; x_wconf 72' lang='lat' dir='ltr'><strong>dicerel</strong></span> <span class='ocrx_word' id='word_1_24' title='bbox 1145 546 1312 632; x_wconf 77' lang='lat' dir='ltr'><strong>prohibet,</strong></span> <span class='ocrx_word' id='word_1_25' title='bbox 1339 562 1395 602; x_wconf 78' lang='lat' dir='ltr'><strong>en</strong></span> <span class='ocrx_word' id='word_1_26' title='bbox 1415 561 1486 622; x_wconf 76' lang='lat' dir='ltr'><strong>ego</strong></span> 
     </span>
     <span class='ocr_line' id='line_1_4' title="bbox 384 626 1485 728; baseline -0.016 -22"><span class='ocrx_word' id='word_1_27' title='bbox 384 645 485 728; x_wconf 90' lang='lat' dir='ltr'><strong>‘ipse,</strong></span> <span class='ocrx_word' id='word_1_28' title='bbox 509 641 651 704; x_wconf 78' lang='lat' dir='ltr'><strong>audiente</strong></span> <span class='ocrx_word' id='word_1_29' title='bbox 674 661 737 702; x_wconf 90' lang='lat' dir='ltr'><strong>uon</strong></span> <span class='ocrx_word' id='word_1_30' title='bbox 762 639 875 722; x_wconf 90' lang='lat' dir='ltr'><strong>populo</strong></span> <span class='ocrx_word' id='word_1_31' title='bbox 900 637 1041 720; x_wconf 82' lang='lat' dir='ltr'><strong>Romano</strong></span> <span class='ocrx_word' id='word_1_32' title='bbox 1068 635 1161 697; x_wconf 91' lang='lat' dir='ltr'><strong>modo</strong></span> <span class='ocrx_word' id='word_1_33' title='bbox 1185 645 1400 724; x_wconf 82' lang='lat' dir='ltr'><strong>senatuque,</strong></span> <span class='ocrx_word' id='word_1_34' title='bbox 1418 626 1485 688; x_wconf 85' lang='lat' dir='ltr'><strong>sed</strong></span> 
     </span>
     <span class='ocr_line' id='line_1_5' title="bbox 385 718 1477 810; baseline -0.017 -16"><span class='ocrx_word' id='word_1_35' title='bbox 385 729 488 794; x_wconf 87' lang='lat' dir='ltr'><strong>‘Jove</strong></span> <span class='ocrx_word' id='word_1_36' title='bbox 511 729 591 810; x_wconf 88' lang='lat' dir='ltr'><strong>ipso,</strong></span> <span class='ocrx_word' id='word_1_37' title='bbox 612 727 663 808; x_wconf 93' lang='lat' dir='ltr'><strong>qui</strong></span> <span class='ocrx_word' id='word_1_38' title='bbox 687 724 874 810; x_wconf 76' lang='lat' dir='ltr'><strong>Capitolium</strong></span> <span class='ocrx_word' id='word_1_39' title='bbox 897 723 1015 801; x_wconf 89' lang='lat' dir='ltr'><strong>incolit,</strong></span> <span class='ocrx_word' id='word_1_40' title='bbox 1034 722 1178 804; x_wconf 80' lang='lat' dir='ltr'><strong>profiteor</strong></span> <span class='ocrx_word' id='word_1_41' title='bbox 1191 724 1245 784; x_wconf 85' lang='lat' dir='ltr'><strong>me</strong></span> <span class='ocrx_word' id='word_1_42' title='bbox 1261 718 1477 788; x_wconf 71' lang='lat' dir='ltr'><strong>dicturum</strong></span> 
     </span>
     <span class='ocr_line' id='line_1_6' title="bbox 385 802 1479 895; baseline -0.017 -15"><span class='ocrx_word' id='word_1_43' title='bbox 385 819 455 895; x_wconf 86' lang='lat' dir='ltr'><strong>‘ut‚</strong></span> <span class='ocrx_word' id='word_1_44' title='bbox 471 816 496 877; x_wconf 89' lang='lat' dir='ltr'><strong>si</strong></span> <span class='ocrx_word' id='word_1_45' title='bbox 511 836 567 878; x_wconf 87' lang='lat' dir='ltr'><strong>uos</strong></span> <span class='ocrx_word' id='word_1_46' title='bbox 581 815 614 875; x_wconf 92' lang='lat' dir='ltr'><strong>in</strong></span> <span class='ocrx_word' id='word_1_47' title='bbox 628 813 742 876; x_wconf 85' lang='lat' dir='ltr'><strong>foedere</strong></span> <span class='ocrx_word' id='word_1_48' title='bbox 762 833 797 874; x_wconf 90' lang='lat' dir='ltr'><strong>ac</strong></span> <span class='ocrx_word' id='word_1_49' title='bbox 819 811 966 874; x_wconf 85' lang='lat' dir='ltr'><strong>societate</strong></span> <span class='ocrx_word' id='word_1_50' title='bbox 985 830 1052 871; x_wconf 87' lang='lat' dir='ltr'><strong>esse</strong></span> <span class='ocrx_word' id='word_1_51' title='bbox 1064 804 1366 886; x_wconf 66' lang='lat' dir='ltr'><strong>velint&#39;consulem</strong></span> <span class='ocrx_word' id='word_1_52' title='bbox 1385 802 1479 863; x_wconf 81' lang='lat' dir='ltr'><strong>alte·</strong></span> 
     </span>
     <span class='ocr_line' id='line_1_7' title="bbox 386 889 1476 980; baseline -0.015 -15"><span class='ocrx_word' id='word_1_53' title='bbox 386 905 397 938; x_wconf 91' lang='lat'>‘</span> <span class='ocrx_word' id='word_1_54' title='bbox 412 923 478 964; x_wconf 92' lang='lat' dir='ltr'><strong>rum</strong></span> <span class='ocrx_word' id='word_1_55' title='bbox 493 903 532 964; x_wconf 89' lang='lat' dir='ltr'><strong>ab</strong></span> <span class='ocrx_word' id='word_1_56' title='bbox 547 901 635 962; x_wconf 91' lang='lat' dir='ltr'><strong>nobis</strong></span> <span class='ocrx_word' id='word_1_57' title='bbox 651 904 677 940; x_wconf 79' lang='lat'><strong>¹⁸</strong></span> <span class='ocrx_word' id='word_1_58' title='bbox 687 909 868 980; x_wconf 70' lang='lat' dir='ltr'>senatusque</span> <span class='ocrx_word' id='word_1_59' title='bbox 879 910 998 980; x_wconf 84' lang='lat' dir='ltr'><strong>partem</strong></span> <span class='ocrx_word' id='word_1_60' title='bbox 1012 892 1187 978; x_wconf 69' lang='lat' dir='ltr'><strong>accipiant!</strong></span> <span class='ocrx_word' id='word_1_61' title='bbox 1233 890 1318 954; x_wconf 76' lang='lat' dir='ltr'><strong>Haec</strong></span> <span class='ocrx_word' id='word_1_62' title='bbox 1337 889 1476 951; x_wconf 79' lang='lat' dir='ltr'><strong>feroci·</strong></span> 
     </span>
     <span class='ocr_line' id='line_1_8' title="bbox 385 977 1474 1068; baseline -0.017 -15"><span class='ocrx_word' id='word_1_63' title='bbox 385 1002 435 1053; x_wconf 89' lang='lat' dir='ltr'><strong>ter</strong></span> <span class='ocrx_word' id='word_1_64' title='bbox 453 1010 515 1051; x_wconf 90' lang='lat' dir='ltr'><strong>non</strong></span> <span class='ocrx_word' id='word_1_65' title='bbox 535 987 675 1050; x_wconf 78' lang='lat' dir='ltr'>suadenti</span> <span class='ocrx_word' id='word_1_66' title='bbox 695 986 804 1063; x_wconf 88' lang='lat' dir='ltr'><strong>solum,</strong></span> <span class='ocrx_word' id='word_1_67' title='bbox 828 984 882 1047; x_wconf 90' lang='lat' dir='ltr'><strong>sed</strong></span> <span class='ocrx_word' id='word_1_68' title='bbox 907 983 1076 1068; x_wconf 81' lang='lat' dir='ltr'><strong>pollicenti,</strong></span> <span class='ocrx_word' id='word_1_69' title='bbox 1102 982 1238 1044; x_wconf 79' lang='lat' dir='ltr'><strong>clnmore</strong></span> <span class='ocrx_word' id='word_1_70' title='bbox 1256 989 1293 1040; x_wconf 92' lang='lat' dir='ltr'><strong>et</strong></span> <span class='ocrx_word' id='word_1_71' title='bbox 1314 977 1474 1038; x_wconf 78' lang='lat' dir='ltr'><strong>adsensu</strong></span> 
     </span>
     <span class='ocr_line' id='line_1_9' title="bbox 386 1063 1473 1158; baseline -0.015 -19"><span class='ocrx_word' id='word_1_72' title='bbox 386 1095 492 1143; x_wconf 88' lang='lat' dir='ltr'><strong>omnes</strong></span> <span class='ocrx_word' id='word_1_73' title='bbox 518 1074 730 1158; x_wconf 78' lang='lat' dir='ltr'><strong>permisertmt,</strong></span> <span class='ocrx_word' id='word_1_74' title='bbox 754 1081 789 1134; x_wconf 89' lang='lat' dir='ltr'><strong>ut</strong></span> <span class='ocrx_word' id='word_1_75' title='bbox 816 1083 919 1153; x_wconf 88' lang='lat' dir='ltr'><strong>ageret</strong></span> <span class='ocrx_word' id='word_1_76' title='bbox 949 1069 1134 1150; x_wconf 86' lang='lat' dir='ltr'><strong>diceretque,</strong></span> <span class='ocrx_word' id='word_1_77' title='bbox 1146 1075 1220 1150; x_wconf 78' lang='lat' dir='ltr'><strong>&#39;quae</strong></span> <span class='ocrx_word' id='word_1_78' title='bbox 1242 1087 1261 1127; x_wconf 92' lang='lat' dir='ltr'><strong>e</strong></span> <span class='ocrx_word' id='word_1_79' title='bbox 1283 1063 1473 1147; x_wconf 78' lang='lat' dir='ltr'>republica</span> 
     </span>
     <span class='ocr_line' id='line_1_10' title="bbox 385 1157 1191 1240; baseline -0.01 -16"><span class='ocrx_word' id='word_1_80' title='bbox 385 1157 636 1225; x_wconf 76' lang='lat' dir='ltr'><strong>nominis&#39;hatini</strong></span> <span class='ocrx_word' id='word_1_81' title='bbox 647 1159 767 1240; x_wconf 84' lang='lat' dir='ltr'><strong>fideque</strong></span> <span class='ocrx_word' id='word_1_82' title='bbox 782 1178 839 1220; x_wconf 85' lang='lat' dir='ltr'><strong>sne</strong></span> <span class='ocrx_word' id='word_1_83' title='bbox 851 1157 1034 1220; x_wconf 85' lang='lat' dir='ltr'><strong>viderentur.</strong></span> <span class='ocrx_word' id='word_1_84' title='bbox 1068 1163 1073 1172; x_wconf 92' lang='lat'>&#39;</span> <span class='ocrx_word' id='word_1_85' title='bbox 1187 1163 1191 1168; x_wconf 80' lang='grc'><em>“</em></span> 
     </span>
     <span class='ocr_line' id='line_1_11' title="bbox 391 1238 1467 1327; baseline -0.007 -20"><span class='ocrx_word' id='word_1_86' title='bbox 391 1267 411 1307; x_wconf 93' lang='grc'><strong>.·</strong></span> <span class='ocrx_word' id='word_1_87' title='bbox 430 1247 469 1311; x_wconf 92' lang='lat' dir='ltr'><strong>V.</strong></span> <span class='ocrx_word' id='word_1_88' title='bbox 492 1245 555 1312; x_wconf 89' lang='lat' dir='ltr'><strong>Ubi</strong></span> <span class='ocrx_word' id='word_1_89' title='bbox 569 1259 617 1310; x_wconf 89' lang='lat' dir='ltr'><strong>est</strong></span> <span class='ocrx_word' id='word_1_90' title='bbox 630 1246 761 1310; x_wconf 86' lang='lat' dir='ltr'><strong>Romam</strong></span> <span class='ocrx_word' id='word_1_91' title='bbox 774 1254 909 1323; x_wconf 87' lang='lat' dir='ltr'><strong>ventum,</strong></span> <span class='ocrx_word' id='word_1_92' title='bbox 924 1243 956 1304; x_wconf 90' lang='lat' dir='ltr'><strong>in</strong></span> <span class='ocrx_word' id='word_1_93' title='bbox 972 1241 1126 1327; x_wconf 83' lang='lat' dir='ltr'><strong>Capitolio</strong></span> <span class='ocrx_word' id='word_1_94' title='bbox 1142 1244 1169 1282; x_wconf 83' lang='lat'><strong>¹⁸</strong></span> <span class='ocrx_word' id='word_1_95' title='bbox 1179 1240 1223 1303; x_wconf 88' lang='lat' dir='ltr'><strong>eis</strong></span> <span class='ocrx_word' id='word_1_96' title='bbox 1239 1251 1386 1302; x_wconf 86' lang='lat' dir='ltr'><strong>senatus</strong></span> <span class='ocrx_word' id='word_1_97' title='bbox 1404 1238 1467 1300; x_wconf 84' lang='lat' dir='ltr'><strong>da·</strong></span> 
     </span>
     <span class='ocr_line' id='line_1_12' title="bbox 386 1328 1465 1417; baseline -0.012 -19"><span class='ocrx_word' id='word_1_98' title='bbox 386 1347 435 1398; x_wconf 89' lang='lat' dir='ltr'><strong>tus</strong></span> <span class='ocrx_word' id='word_1_99' title='bbox 446 1349 503 1398; x_wconf 89' lang='lat' dir='ltr'><strong>est.</strong></span> <span class='ocrx_word' id='word_1_100' title='bbox 546 1333 592 1399; x_wconf 88' lang='lat' dir='ltr'><strong>Ibi</strong></span> <span class='ocrx_word' id='word_1_101' title='bbox 606 1354 699 1417; x_wconf 85' lang='lat' dir='ltr'><strong>quum</strong></span> <span class='ocrx_word' id='word_1_102' title='bbox 713 1329 752 1396; x_wconf 84' lang='lat' dir='ltr'><strong>T.</strong></span> <span class='ocrx_word' id='word_1_103' title='bbox 764 1329 900 1393; x_wconf 87' lang='lat' dir='ltr'><strong>Manlius</strong></span> <span class='ocrx_word' id='word_1_104' title='bbox 910 1330 1017 1393; x_wconf 86' lang='lat' dir='ltr'><strong>consul</strong></span> <span class='ocrx_word' id='word_1_105' title='bbox 1031 1329 1143 1412; x_wconf 79' lang='lat' dir='ltr'><strong>egisset</strong></span> <span class='ocrx_word' id='word_1_106' title='bbox 1157 1349 1228 1390; x_wconf 90' lang='lat' dir='ltr'><strong>cum</strong></span> <span class='ocrx_word' id='word_1_107' title='bbox 1244 1328 1293 1391; x_wconf 86' lang='lat' dir='ltr'><strong>eis</strong></span> <span class='ocrx_word' id='word_1_108' title='bbox 1314 1347 1363 1388; x_wconf 79' lang='lat' dir='ltr'><strong>ex</strong></span> <span class='ocrx_word' id='word_1_109' title='bbox 1381 1346 1465 1386; x_wconf 88' lang='lat' dir='ltr'><strong>auc·</strong></span> 
     </span>
     <span class='ocr_line' id='line_1_13' title="bbox 386 1411 1463 1499; baseline -0.011 -14"><span class='ocrx_word' id='word_1_110' title='bbox 386 1421 510 1484; x_wconf 84' lang='lat' dir='ltr'><strong>toritate</strong></span> <span class='ocrx_word' id='word_1_111' title='bbox 531 1419 664 1499; x_wconf 83' lang='lat' dir='ltr'><strong>Petrum,</strong></span> <span class='ocrx_word' id='word_1_112' title='bbox 690 1439 728 1480; x_wconf 92' lang='lat' dir='ltr'><strong>ne</strong></span> <span class='ocrx_word' id='word_1_113' title='bbox 749 1411 936 1481; x_wconf 83' lang='lat' dir='ltr'><strong>Samnitibus</strong></span> <span class='ocrx_word' id='word_1_114' title='bbox 958 1416 1111 1478; x_wconf 84' lang='lat' dir='ltr'><strong>foederstis</strong></span> <span class='ocrx_word' id='word_1_115' title='bbox 1132 1414 1247 1477; x_wconf 88' lang='lat' dir='ltr'><strong>bellum</strong></span> <span class='ocrx_word' id='word_1_116' title='bbox 1266 1414 1441 1476; x_wconf 80' lang='lat' dir='ltr'><strong>inferrent</strong></span> <span class='ocrx_word' id='word_1_117' title='bbox 1451 1432 1463 1486; x_wconf 90' lang='lat'>;</span> 
     </span>
     <span class='ocr_line' id='line_1_14' title="bbox 386 1501 1462 1588; baseline -0.01 -17"><span class='ocrx_word' id='word_1_118' title='bbox 386 1507 516 1584; x_wconf 86' lang='lat' dir='ltr'><strong>Annius,</strong></span> <span class='ocrx_word' id='word_1_119' title='bbox 527 1518 684 1588; x_wconf 85' lang='lat' dir='ltr'><strong>tamquam</strong></span> <span class='ocrx_word' id='word_1_120' title='bbox 699 1505 797 1568; x_wconf 83' lang='lat' dir='ltr'><strong>vietor</strong></span> <span class='ocrx_word' id='word_1_121' title='bbox 811 1505 903 1566; x_wconf 80' lang='lat' dir='ltr'><strong>armis</strong></span> <span class='ocrx_word' id='word_1_122' title='bbox 917 1501 1103 1586; x_wconf 74' lang='lat' dir='ltr'><strong>Capitolium</strong></span> <span class='ocrx_word' id='word_1_123' title='bbox 1117 1501 1259 1584; x_wconf 79' lang='lat' dir='ltr'><strong>cepisset,</strong></span> <span class='ocrx_word' id='word_1_124' title='bbox 1274 1522 1347 1563; x_wconf 89' lang='lat' dir='ltr'><strong>non</strong></span> <span class='ocrx_word' id='word_1_125' title='bbox 1365 1501 1462 1581; x_wconf 63' lang='lat' dir='ltr'><strong>legs-⁴</strong></span> 
     </span>
     <span class='ocr_line' id='line_1_15' title="bbox 219 1586 1459 1677; baseline -0.008 -20"><span class='ocrx_word' id='word_1_126' title='bbox 219 1613 299 1677; x_wconf 50' lang='lat' dir='ltr'><strong>rapu</strong></span> <span class='ocrx_word' id='word_1_127' title='bbox 312 1605 448 1673; x_wconf 68' lang='lat' dir='ltr'><strong>hrt-tus,</strong></span> <span class='ocrx_word' id='word_1_128' title='bbox 473 1591 536 1658; x_wconf 81' lang='lat' dir='ltr'><strong>‘ute</strong></span> <span class='ocrx_word' id='word_1_129' title='bbox 561 1592 699 1674; x_wconf 80' lang='lat' dir='ltr'><strong>gentium</strong></span> <span class='ocrx_word' id='word_1_130' title='bbox 722 1602 817 1669; x_wconf 89' lang='lat' dir='ltr'><strong>tutus,</strong></span> <span class='ocrx_word' id='word_1_131' title='bbox 838 1590 1020 1672; x_wconf 88' lang='lat' dir='ltr'><strong>loqueretur,</strong></span> <span class='ocrx_word' id='word_1_132' title='bbox 1042 1587 1199 1671; x_wconf 80' lang='lat' dir='ltr'><strong>‘Tempus</strong></span> <span class='ocrx_word' id='word_1_133' title='bbox 1216 1586 1308 1666; x_wconf 87' lang='lat' dir='ltr'><strong>erat,&#39;</strong></span> <span class='ocrx_word' id='word_1_134' title='bbox 1336 1587 1459 1668; x_wconf 87' lang='lat' dir='ltr'><strong>inquit,</strong></span> 
     </span>
     <span class='ocr_line' id='line_1_16' title="bbox 220 1673 1456 1760; baseline -0.006 -17"><span class='ocrx_word' id='word_1_135' title='bbox 220 1677 351 1758; x_wconf 58' lang='lat' dir='ltr'><strong>sintpert-</strong></span> <span class='ocrx_word' id='word_1_136' title='bbox 388 1677 446 1742; x_wconf 64' lang='grc' dir='ltr'><strong>ίΤ.</strong></span> <span class='ocrx_word' id='word_1_137' title='bbox 542 1679 576 1758; x_wconf 89' lang='lat' dir='ltr'><strong>ll,</strong></span> <span class='ocrx_word' id='word_1_138' title='bbox 589 1691 702 1760; x_wconf 85' lang='lat' dir='ltr'><strong>vosque</strong></span> <span class='ocrx_word' id='word_1_139' title='bbox 717 1675 821 1740; x_wconf 79' lang='lat' dir='ltr'><strong>Patres</strong></span> <span class='ocrx_word' id='word_1_140' title='bbox 835 1676 1019 1760; x_wconf 90' lang='lat' dir='ltr'><strong>Conscripti,</strong></span> <span class='ocrx_word' id='word_1_141' title='bbox 1034 1675 1159 1738; x_wconf 88' lang='lat' dir='ltr'><strong>tandem</strong></span> <span class='ocrx_word' id='word_1_142' title='bbox 1175 1673 1243 1756; x_wconf 89' lang='lat' dir='ltr'><strong>jam</strong></span> <span class='ocrx_word' id='word_1_143' title='bbox 1257 1695 1317 1737; x_wconf 83' lang='lat' dir='ltr'><strong>vos</strong></span> <span class='ocrx_word' id='word_1_144' title='bbox 1340 1674 1456 1736; x_wconf 81' lang='lat' dir='ltr'><strong>nobis-</strong></span> 
     </span>
     <span class='ocr_line' id='line_1_17' title="bbox 218 1748 1455 1860; baseline -0.005 -31"><span class='ocrx_word' id='word_1_145' title='bbox 218 1748 371 1860; x_wconf 39' lang='lat'><strong>2⁶⁰3?</strong></span> <span class='ocrx_word' id='word_1_146' title='bbox 388 1765 484 1833; x_wconf 87' lang='lat' dir='ltr'><strong>‘cum</strong></span> <span class='ocrx_word' id='word_1_147' title='bbox 504 1765 581 1833; x_wconf 84' lang='lat' dir='ltr'><strong>nihil</strong></span> <span class='ocrx_word' id='word_1_148' title='bbox 604 1785 661 1848; x_wconf 83' lang='lat' dir='ltr'><strong>pro</strong></span> <span class='ocrx_word' id='word_1_149' title='bbox 687 1765 728 1828; x_wconf 88' lang='lat' dir='ltr'><strong>im</strong></span> <span class='ocrx_word' id='word_1_150' title='bbox 752 1763 816 1826; x_wconf 90' lang='lat' dir='ltr'><strong>erio</strong></span> <span class='ocrx_word' id='word_1_151' title='bbox 838 1784 940 1846; x_wconf 85' lang='lat' dir='ltr'><strong>agere,</strong></span> <span class='ocrx_word' id='word_1_152' title='bbox 959 1783 1052 1844; x_wconf 86' lang='lat' dir='ltr'><strong>quum</strong></span> <span class='ocrx_word' id='word_1_153' title='bbox 1071 1762 1324 1824; x_wconf 88' lang='lat' dir='ltr'><strong>florentissimum</strong></span> <span class='ocrx_word' id='word_1_154' title='bbox 1342 1760 1455 1823; x_wconf 79' lang='lat' dir='ltr'><strong>Deum</strong></span> 
     </span>
     <span class='ocr_line' id='line_1_18' title="bbox 259 1786 1454 1936; baseline -0.008 -19"><span class='ocrx_word' id='word_1_155' title='bbox 259 1827 275 1862; x_wconf 52' lang='grc' dir='ltr'><strong>η</strong></span> <span class='ocrx_word' id='word_1_156' title='bbox 348 1843 355 1858; x_wconf 75' lang='grc'><strong>’</strong></span> <span class='ocrx_word' id='word_1_157' title='bbox 389 1853 604 1936; x_wconf 74' lang='lat' dir='ltr'><strong>‘benignitate</strong></span> <span class='ocrx_word' id='word_1_158' title='bbox 625 1871 707 1916; x_wconf 89' lang='lat' dir='ltr'><strong>nunc</strong></span> <span class='ocrx_word' id='word_1_159' title='bbox 730 1786 857 1914; x_wconf 68' lang='lat' dir='ltr'><strong>istium</strong></span> <span class='ocrx_word' id='word_1_160' title='bbox 873 1848 965 1914; x_wconf 90' lang='lat' dir='ltr'><strong>armis</strong></span> <span class='ocrx_word' id='word_1_161' title='bbox 988 1850 1127 1929; x_wconf 83' lang='lat' dir='ltr'><strong>virisque,</strong></span> <span class='ocrx_word' id='word_1_162' title='bbox 1150 1846 1350 1911; x_wconf 87' lang='lat' dir='ltr'><strong>Samnitibus</strong></span> <span class='ocrx_word' id='word_1_163' title='bbox 1365 1847 1454 1908; x_wconf 87' lang='lat' dir='ltr'><strong>bello</strong></span> 
     </span>
     <span class='ocr_line' id='line_1_19' title="bbox 387 1933 1451 2020; baseline -0.005 -20"><span class='ocrx_word' id='word_1_164' title='bbox 387 1937 511 2018; x_wconf 62' lang='lat' dir='ltr'><strong>‘vietis</strong></span> <span class='ocrx_word' id='word_1_165' title='bbox 527 1937 670 2008; x_wconf 76' lang='lat' dir='ltr'><strong>Sidicinis</strong></span> <span class='ocrx_word' id='word_1_166' title='bbox 681 1936 907 2020; x_wconf 73' lang='lat' dir='ltr'><strong>Campanisque</strong></span> <span class='ocrx_word' id='word_1_167' title='bbox 921 1936 1022 2015; x_wconf 85' lang='lat' dir='ltr'><strong>sociis,</strong></span> <span class='ocrx_word' id='word_1_168' title='bbox 1038 1937 1228 2020; x_wconf 78' lang='lat' dir='ltr'><strong>nrurcetiam</strong></span> <span class='ocrx_word' id='word_1_169' title='bbox 1244 1933 1376 1997; x_wconf 80' lang='lat' dir='ltr'><strong>Volscis</strong></span> <span class='ocrx_word' id='word_1_170' title='bbox 1392 1935 1451 1995; x_wconf 89' lang='lat' dir='ltr'><strong>ad-</strong></span> 
     </span>
     <span class='ocr_line' id='line_1_20' title="bbox 388 2019 1451 2110; baseline -0.008 -19"><span class='ocrx_word' id='word_1_171' title='bbox 388 2027 400 2062; x_wconf 91' lang='lat'>‘</span> <span class='ocrx_word' id='word_1_172' title='bbox 409 2025 534 2110; x_wconf 88' lang='lat' dir='ltr'><strong>junctis,</strong></span> <span class='ocrx_word' id='word_1_173' title='bbox 548 2025 690 2094; x_wconf 86' lang='lat' dir='ltr'><strong>videretis</strong></span> <span class='ocrx_word' id='word_1_174' title='bbox 701 2047 712 2102; x_wconf 84' lang='lat'>3</span> <span class='ocrx_word' id='word_1_175' title='bbox 722 2086 725 2092; x_wconf 85' lang='grc'>,</span> <span class='ocrx_word' id='word_1_176' title='bbox 736 2024 871 2088; x_wconf 88' lang='lat' dir='ltr'><strong>colonias</strong></span> <span class='ocrx_word' id='word_1_177' title='bbox 886 2033 1129 2105; x_wconf 70' lang='lat' dir='ltr'><strong>quoquefvestras</strong></span> <span class='ocrx_word' id='word_1_178' title='bbox 1138 2020 1284 2086; x_wconf 80' lang='lat' dir='ltr'><strong>Latinum</strong></span> <span class='ocrx_word' id='word_1_179' title='bbox 1295 2019 1451 2084; x_wconf 79' lang='lat' dir='ltr'><strong>Romam</strong></span> 
     </span>
     <span class='ocr_line' id='line_1_21' title="bbox 389 2104 1449 2196; baseline -0.008 -18"><span class='ocrx_word' id='word_1_180' title='bbox 389 2112 580 2196; x_wconf 73' lang='lat' dir='ltr'><strong>‘pretulisse</strong></span> <span class='ocrx_word' id='word_1_181' title='bbox 605 2111 775 2194; x_wconf 88' lang='lat' dir='ltr'><strong>imperium.</strong></span> <span class='ocrx_word' id='word_1_182' title='bbox 819 2104 882 2172; x_wconf 87' lang='lat' dir='ltr'><strong>Sed</strong></span> <span class='ocrx_word' id='word_1_183' title='bbox 908 2109 1051 2190; x_wconf 87' lang='lat' dir='ltr'><strong>quoniam</strong></span> <span class='ocrx_word' id='word_1_184' title='bbox 1073 2131 1138 2187; x_wconf 79' lang='lat' dir='ltr'><strong>vos,</strong></span> <span class='ocrx_word' id='word_1_185' title='bbox 1162 2130 1258 2191; x_wconf 85' lang='lat' dir='ltr'><strong>regno</strong></span> <span class='ocrx_word' id='word_1_186' title='bbox 1285 2110 1449 2191; x_wconf 73' lang='lat' dir='ltr'><strong>inpotenti</strong></span> 
     </span>
     <span class='ocr_line' id='line_1_22' title="bbox 389 2196 1541 2283; baseline 0 -26"><span class='ocrx_word' id='word_1_187' title='bbox 389 2199 506 2272; x_wconf 68' lang='lat' dir='ltr'><strong>ffinem</strong></span> <span class='ocrx_word' id='word_1_188' title='bbox 520 2211 556 2262; x_wconf 86' lang='lat' dir='ltr'><strong>ut</strong></span> <span class='ocrx_word' id='word_1_189' title='bbox 572 2199 734 2283; x_wconf 80' lang='lat' dir='ltr'><strong>inponatis,</strong></span> <span class='ocrx_word' id='word_1_190' title='bbox 759 2218 821 2260; x_wconf 87' lang='lat' dir='ltr'><strong>non</strong></span> <span class='ocrx_word' id='word_1_191' title='bbox 844 2196 987 2259; x_wconf 88' lang='lat' dir='ltr'><strong>inducitis</strong></span> <span class='ocrx_word' id='word_1_192' title='bbox 1013 2197 1045 2258; x_wconf 91' lang='lat' dir='ltr'><strong>in</strong></span> <span class='ocrx_word' id='word_1_193' title='bbox 1066 2197 1219 2274; x_wconf 84' lang='lat' dir='ltr'><strong>animum3</strong></span> <span class='ocrx_word' id='word_1_194' title='bbox 1243 2217 1314 2274; x_wconf 90' lang='lat' dir='ltr'><strong>nos,</strong></span> <span class='ocrx_word' id='word_1_195' title='bbox 1331 2217 1447 2278; x_wconf 88' lang='lat' dir='ltr'><strong>quarn-</strong></span> <span class='ocrx_word' id='word_1_196' title='bbox 1540 2248 1541 2263; x_wconf 23' lang='grc' dir='ltr'>ι</span> 
     </span>
     <span class='ocr_line' id='line_1_23' title="bbox 388 2281 1446 2369; baseline 0 -25"><span class='ocrx_word' id='word_1_197' title='bbox 388 2289 506 2369; x_wconf 81' lang='lat' dir='ltr'><strong>‘quam</strong></span> <span class='ocrx_word' id='word_1_198' title='bbox 522 2286 612 2348; x_wconf 83' lang='lat' dir='ltr'><strong>armis</strong></span> <span class='ocrx_word' id='word_1_199' title='bbox 633 2281 790 2368; x_wconf 86' lang='lat' dir='ltr'><strong>possumus</strong></span> <span class='ocrx_word' id='word_1_200' title='bbox 806 2283 942 2347; x_wconf 86' lang='lat' dir='ltr'><strong>adserere</strong></span> <span class='ocrx_word' id='word_1_201' title='bbox 960 2281 1082 2345; x_wconf 77' lang='lat' dir='ltr'><strong>latium</strong></span> <span class='ocrx_word' id='word_1_202' title='bbox 1104 2283 1135 2344; x_wconf 90' lang='lat' dir='ltr'><strong>in</strong></span> <span class='ocrx_word' id='word_1_203' title='bbox 1154 2283 1343 2360; x_wconf 74' lang='lat' dir='ltr'><strong>libertatem,</strong></span> <span class='ocrx_word' id='word_1_204' title='bbox 1368 2305 1446 2345; x_wconf 89' lang='lat' dir='ltr'><strong>con-</strong></span> 
     </span>
     <span class='ocr_line' id='line_1_24' title="bbox 388 2369 1446 2456; baseline -0.005 -20"><span class='ocrx_word' id='word_1_205' title='bbox 388 2373 608 2456; x_wconf 80' lang='lat' dir='ltr'><strong>‘sanguinitati</strong></span> <span class='ocrx_word' id='word_1_206' title='bbox 624 2383 728 2434; x_wconf 89' lang='lat' dir='ltr'><strong>tamen</strong></span> <span class='ocrx_word' id='word_1_207' title='bbox 743 2371 802 2434; x_wconf 89' lang='lat' dir='ltr'><strong>hnc</strong></span> <span class='ocrx_word' id='word_1_208' title='bbox 821 2371 972 2448; x_wconf 77' lang='lat' dir='ltr'><strong>dabimus,</strong></span> <span class='ocrx_word' id='word_1_209' title='bbox 989 2380 1025 2432; x_wconf 90' lang='grc' dir='ltr'><strong>ιιι</strong></span> <span class='ocrx_word' id='word_1_210' title='bbox 1038 2369 1229 2432; x_wconf 88' lang='lat' dir='ltr'><strong>conditiones</strong></span> <span class='ocrx_word' id='word_1_211' title='bbox 1250 2371 1339 2452; x_wconf 81' lang='lat' dir='ltr'><strong>pacis</strong></span> <span class='ocrx_word' id='word_1_212' title='bbox 1360 2370 1446 2432; x_wconf 83' lang='lat' dir='ltr'><strong>sera-</strong></span> 
     </span>
     <span class='ocr_line' id='line_1_25' title="bbox 388 2455 1446 2540; baseline -0.002 -20"><span class='ocrx_word' id='word_1_213' title='bbox 388 2459 481 2520; x_wconf 87' lang='lat' dir='ltr'><strong>‘mus</strong></span> <span class='ocrx_word' id='word_1_214' title='bbox 496 2479 596 2540; x_wconf 78' lang='lat' dir='ltr'><strong>oequas</strong></span> <span class='ocrx_word' id='word_1_215' title='bbox 611 2458 754 2540; x_wconf 85' lang='lat' dir='ltr'><strong>utrisque,</strong></span> <span class='ocrx_word' id='word_1_216' title='bbox 779 2457 923 2539; x_wconf 86' lang='lat' dir='ltr'><strong>quoniam</strong></span> <span class='ocrx_word' id='word_1_217' title='bbox 942 2456 1018 2519; x_wconf 86' lang='lat' dir='ltr'><strong>vires</strong></span> <span class='ocrx_word' id='word_1_218' title='bbox 1039 2477 1157 2538; x_wconf 89' lang='lat' dir='ltr'><strong>quoque</strong></span> <span class='ocrx_word' id='word_1_219' title='bbox 1171 2457 1283 2538; x_wconf 81' lang='lat' dir='ltr'><strong>aeqnsri</strong></span> <span class='ocrx_word' id='word_1_220' title='bbox 1297 2455 1371 2518; x_wconf 90' lang='lat' dir='ltr'><strong>Diis</strong></span> <span class='ocrx_word' id='word_1_221' title='bbox 1393 2459 1446 2518; x_wconf 91' lang='lat' dir='ltr'><strong>in·</strong></span> 
     </span>
     <span class='ocr_line' id='line_1_26' title="bbox 388 2542 1445 2627; baseline 0.002 -20"><span class='ocrx_word' id='word_1_222' title='bbox 388 2543 595 2607; x_wconf 79' lang='lat' dir='ltr'><strong>‘mortalibus</strong></span> <span class='ocrx_word' id='word_1_223' title='bbox 615 2544 740 2627; x_wconf 89' lang='lat' dir='ltr'><strong>placuit.</strong></span> <span class='ocrx_word' id='word_1_224' title='bbox 785 2542 948 2607; x_wconf 85' lang='lat' dir='ltr'><strong>Consulem</strong></span> <span class='ocrx_word' id='word_1_225' title='bbox 966 2543 1093 2607; x_wconf 85' lang='lat' dir='ltr'><strong>alterum</strong></span> <span class='ocrx_word' id='word_1_226' title='bbox 1118 2542 1229 2623; x_wconf 84' lang='lat' dir='ltr'><strong>Roma,</strong></span> <span class='ocrx_word' id='word_1_227' title='bbox 1251 2545 1383 2607; x_wconf 85' lang='lat' dir='ltr'><strong>sltemm</strong></span> <span class='ocrx_word' id='word_1_228' title='bbox 1400 2566 1445 2609; x_wconf 82' lang='lat' dir='ltr'><strong>ex</strong></span> 
     </span>
     <span class='ocr_line' id='line_1_27' title="bbox 388 2613 1541 2713; baseline 0.002 -22"><span class='ocrx_word' id='word_1_229' title='bbox 388 2626 505 2692; x_wconf 83' lang='lat' dir='ltr'><strong>‘Latin</strong></span> <span class='ocrx_word' id='word_1_230' title='bbox 528 2630 622 2693; x_wconf 85' lang='lat' dir='ltr'><strong>creati</strong></span> <span class='ocrx_word' id='word_1_231' title='bbox 651 2640 793 2713; x_wconf 79' lang='lat' dir='ltr'><strong>oportet:</strong></span> <span class='ocrx_word' id='word_1_232' title='bbox 817 2641 940 2693; x_wconf 81' lang='lat' dir='ltr'><strong>senatus</strong></span> <span class='ocrx_word' id='word_1_233' title='bbox 967 2643 1086 2713; x_wconf 86' lang='lat' dir='ltr'><strong>partem</strong></span> <span class='ocrx_word' id='word_1_234' title='bbox 1108 2642 1224 2711; x_wconf 65' lang='lat' dir='ltr'><strong>aequam</strong></span> <span class='ocrx_word' id='word_1_235' title='bbox 1248 2652 1284 2693; x_wconf 84' lang='lat' dir='ltr'><strong>ex</strong></span> <span class='ocrx_word' id='word_1_236' title='bbox 1303 2642 1443 2712; x_wconf 85' lang='lat' dir='ltr'><strong>utraque</strong></span> <span class='ocrx_word' id='word_1_237' title='bbox 1540 2613 1541 2634; x_wconf 44' lang='lat'>¹</span> 
     </span>
     <span class='ocr_line' id='line_1_28' title="bbox 377 2716 1438 2800; baseline -0.002 -19"><span class='ocrx_word' id='word_1_238' title='bbox 377 2717 399 2781; x_wconf 89' lang='lat'><strong>.‘</strong></span> <span class='ocrx_word' id='word_1_239' title='bbox 411 2728 504 2796; x_wconf 81' lang='lat' dir='ltr'><strong>gente</strong></span> <span class='ocrx_word' id='word_1_240' title='bbox 519 2736 607 2777; x_wconf 81' lang='lat' dir='ltr'><strong>esse:</strong></span> <span class='ocrx_word' id='word_1_241' title='bbox 630 2736 723 2777; x_wconf 90' lang='lat' dir='ltr'><strong>unum</strong></span> <span class='ocrx_word' id='word_1_242' title='bbox 738 2716 894 2799; x_wconf 86' lang='lat' dir='ltr'><strong>populum,</strong></span> <span class='ocrx_word' id='word_1_243' title='bbox 909 2737 1002 2779; x_wconf 89' lang='lat' dir='ltr'><strong>unam</strong></span> <span class='ocrx_word' id='word_1_244' title='bbox 1017 2718 1232 2800; x_wconf 81' lang='lat' dir='ltr'><strong>rempublicam</strong></span> <span class='ocrx_word' id='word_1_245' title='bbox 1246 2716 1318 2777; x_wconf 82' lang='lat' dir='ltr'><strong>lieri:</strong></span> <span class='ocrx_word' id='word_1_246' title='bbox 1333 2726 1377 2792; x_wconf 89' lang='lat' dir='ltr'><strong>et,</strong></span> <span class='ocrx_word' id='word_1_247' title='bbox 1395 2730 1438 2779; x_wconf 87' lang='lat' dir='ltr'><strong>ut</strong></span> 
     </span>
     <span class='ocr_line' id='line_1_29' title="bbox 388 2800 1435 2885; baseline 0 -22"><span class='ocrx_word' id='word_1_248' title='bbox 388 2804 398 2835; x_wconf 91' lang='lat'>‘</span> <span class='ocrx_word' id='word_1_249' title='bbox 415 2800 533 2885; x_wconf 87' lang='lat' dir='ltr'><strong>imperii</strong></span> <span class='ocrx_word' id='word_1_250' title='bbox 548 2801 656 2865; x_wconf 82' lang='lat' dir='ltr'><strong>eedem</strong></span> <span class='ocrx_word' id='word_1_251' title='bbox 671 2801 757 2865; x_wconf 87' lang='lat' dir='ltr'><strong>sedes</strong></span> <span class='ocrx_word' id='word_1_252' title='bbox 769 2802 821 2881; x_wconf 88' lang='lat' dir='ltr'><strong>sit,</strong></span> <span class='ocrx_word' id='word_1_253' title='bbox 832 2803 973 2884; x_wconf 85' lang='lat' dir='ltr'><strong>idemque</strong></span> <span class='ocrx_word' id='word_1_254' title='bbox 989 2805 1130 2868; x_wconf 89' lang='lat' dir='ltr'><strong>omnibus</strong></span> <span class='ocrx_word' id='word_1_255' title='bbox 1145 2823 1260 2881; x_wconf 86' lang='lat' dir='ltr'><strong>nornen,</strong></span> <span class='ocrx_word' id='word_1_256' title='bbox 1280 2803 1435 2885; x_wconf 80' lang='lat' dir='ltr'><strong>quonism</strong></span> 
     </span>
     <span class='ocr_line' id='line_1_30' title="bbox 388 2888 1439 2972; baseline -0.001 -21"><span class='ocrx_word' id='word_1_257' title='bbox 388 2888 399 2923; x_wconf 89' lang='lat'>‘</span> <span class='ocrx_word' id='word_1_258' title='bbox 415 2889 453 2951; x_wconf 89' lang='lat' dir='ltr'><strong>ab</strong></span> <span class='ocrx_word' id='word_1_259' title='bbox 476 2888 621 2951; x_wconf 83' lang='lat' dir='ltr'><strong>alterutra</strong></span> <span class='ocrx_word' id='word_1_260' title='bbox 640 2899 727 2971; x_wconf 82' lang='lat' dir='ltr'><strong>parte</strong></span> <span class='ocrx_word' id='word_1_261' title='bbox 747 2888 875 2951; x_wconf 91' lang='lat' dir='ltr'><strong>concedi</strong></span> <span class='ocrx_word' id='word_1_262' title='bbox 888 2910 1013 2961; x_wconf 81' lang='lat' dir='ltr'><strong>necesse</strong></span> <span class='ocrx_word' id='word_1_263' title='bbox 1027 2903 1088 2968; x_wconf 83' lang='lat' dir='ltr'><strong>est3</strong></span> <span class='ocrx_word' id='word_1_264' title='bbox 1113 2892 1193 2972; x_wconf 87' lang='lat' dir='ltr'><strong>qnod</strong></span> <span class='ocrx_word' id='word_1_265' title='bbox 1209 2889 1439 2971; x_wconf 76' lang='lat' dir='ltr'><strong>usuque-bene</strong></span> 
     </span>
     <span class='ocr_line' id='line_1_31' title="bbox 389 2973 1438 3059; baseline 0.002 -22"><span class='ocrx_word' id='word_1_266' title='bbox 389 2976 520 3055; x_wconf 60' lang='lat' dir='ltr'><strong>‘uertat</strong></span> <span class='ocrx_word' id='word_1_267' title='bbox 535 2974 648 3045; x_wconf 79' lang='lat' dir='ltr'><strong>sithaec</strong></span> <span class='ocrx_word' id='word_1_268' title='bbox 657 2996 731 3037; x_wconf 87' lang='lat' dir='ltr'><strong>sane</strong></span> <span class='ocrx_word' id='word_1_269' title='bbox 742 2975 843 3058; x_wconf 86' lang='lat' dir='ltr'><strong>patria</strong></span> <span class='ocrx_word' id='word_1_270' title='bbox 852 2976 963 3059; x_wconf 88' lang='lat' dir='ltr'><strong>potior,</strong></span> <span class='ocrx_word' id='word_1_271' title='bbox 972 2990 1005 3040; x_wconf 90' lang='lat' dir='ltr'><strong>et</strong></span> <span class='ocrx_word' id='word_1_272' title='bbox 1013 2973 1145 3041; x_wconf 86' lang='lat' dir='ltr'><strong>Romani</strong></span> <span class='ocrx_word' id='word_1_273' title='bbox 1157 2976 1438 3040; x_wconf 81' lang='lat' dir='ltr'><strong>ornnesvouemur.’</strong></span> 
     </span>
     <span class='ocr_line' id='line_1_32' title="bbox 388 3056 1438 3146; baseline 0.002 -21"><span class='ocrx_word' id='word_1_274' title='bbox 388 3056 482 3125; x_wconf 78' lang='lat' dir='ltr'><strong>Forte</strong></span> <span class='ocrx_word' id='word_1_275' title='bbox 497 3063 540 3125; x_wconf 85' lang='lat' dir='ltr'><strong>ita</strong></span> <span class='ocrx_word' id='word_1_276' title='bbox 555 3062 678 3141; x_wconf 86' lang='lat' dir='ltr'><strong>accidit,</strong></span> <span class='ocrx_word' id='word_1_277' title='bbox 701 3075 737 3125; x_wconf 87' lang='grc' dir='ltr'><strong>ιιι</strong></span> <span class='ocrx_word' id='word_1_278' title='bbox 760 3083 865 3144; x_wconf 84' lang='lat' dir='ltr'><strong>parem</strong></span> <span class='ocrx_word' id='word_1_279' title='bbox 890 3061 1008 3125; x_wconf 81' lang='lat' dir='ltr'><strong>ferociae</strong></span> <span class='ocrx_word' id='word_1_280' title='bbox 1028 3063 1116 3146; x_wconf 86' lang='lat' dir='ltr'><strong>hujus</strong></span> <span class='ocrx_word' id='word_1_281' title='bbox 1130 3077 1163 3127; x_wconf 87' lang='lat' dir='ltr'><strong>et</strong></span> <span class='ocrx_word' id='word_1_282' title='bbox 1177 3063 1307 3126; x_wconf 77' lang='lat' dir='ltr'><strong>Romani</strong></span> <span class='ocrx_word' id='word_1_283' title='bbox 1324 3084 1438 3127; x_wconf 86' lang='lat' dir='ltr'><strong>consu-</strong></span> 
     </span>
     <span class='ocr_line' id='line_1_33' title="bbox 219 3146 1437 3232; baseline 0.002 -20"><span class='ocrx_word' id='word_1_284' title='bbox 219 3154 250 3203; x_wconf 77' lang='grc' dir='ltr'><strong>Τ·</strong></span> <span class='ocrx_word' id='word_1_285' title='bbox 261 3150 346 3232; x_wconf 65' lang='grc' dir='ltr'><strong>ΜΞ</strong></span> <span class='ocrx_word' id='word_1_286' title='bbox 387 3146 506 3226; x_wconf 83' lang='lat' dir='ltr'><strong>lemT.</strong></span> <span class='ocrx_word' id='word_1_287' title='bbox 524 3146 677 3211; x_wconf 88' lang='lat' dir='ltr'><strong>Manlium</strong></span> <span class='ocrx_word' id='word_1_288' title='bbox 697 3148 864 3217; x_wconf 80' lang='lat' dir='ltr'><strong>haberent:</strong></span> <span class='ocrx_word' id='word_1_289' title='bbox 888 3150 938 3231; x_wconf 87' lang='lat' dir='ltr'><strong>qui</strong></span> <span class='ocrx_word' id='word_1_290' title='bbox 958 3148 1037 3219; x_wconf 81' lang='lat' dir='ltr'><strong>adeo</strong></span> <span class='ocrx_word' id='word_1_291' title='bbox 1055 3172 1117 3212; x_wconf 87' lang='grc' dir='ltr'>ιιοιι</span> <span class='ocrx_word' id='word_1_292' title='bbox 1133 3151 1232 3214; x_wconf 89' lang='lat' dir='ltr'><strong>tenuit</strong></span> <span class='ocrx_word' id='word_1_293' title='bbox 1244 3152 1335 3229; x_wconf 89' lang='lat' dir='ltr'><strong>iram,</strong></span> <span class='ocrx_word' id='word_1_294' title='bbox 1348 3163 1397 3229; x_wconf 91' lang='lat' dir='ltr'><strong>ut,</strong></span> <span class='ocrx_word' id='word_1_295' title='bbox 1411 3153 1437 3214; x_wconf 87' lang='lat' dir='ltr'><strong>si</strong></span> 
     </span>
     <span class='ocr_line' id='line_1_34' title="bbox 219 3219 1436 3333; baseline 0.004 -37"><span class='ocrx_word' id='word_1_296' title='bbox 219 3219 371 3333; x_wconf 48' lang='lat' dir='ltr'><strong>mm}</strong></span> <span class='ocrx_word' id='word_1_297' title='bbox 389 3244 476 3297; x_wconf 87' lang='lat' dir='ltr'><strong>tanta</strong></span> <span class='ocrx_word' id='word_1_298' title='bbox 496 3236 652 3297; x_wconf 84' lang='lat' dir='ltr'><strong>dementia</strong></span> <span class='ocrx_word' id='word_1_299' title='bbox 672 3234 775 3297; x_wconf 87' lang='lat' dir='ltr'><strong>Patres</strong></span> <span class='ocrx_word' id='word_1_300' title='bbox 806 3235 994 3317; x_wconf 78' lang='lat' dir='ltr'><strong>conscriptos</strong></span> <span class='ocrx_word' id='word_1_301' title='bbox 1028 3238 1168 3320; x_wconf 77' lang='lat' dir='ltr'><strong>cepisset,</strong></span> <span class='ocrx_word' id='word_1_302' title='bbox 1184 3245 1235 3301; x_wconf 86' lang='lat' dir='ltr'><strong>&#39;nt</strong></span> <span class='ocrx_word' id='word_1_303' title='bbox 1260 3237 1300 3299; x_wconf 90' lang='lat' dir='ltr'><strong>ab</strong></span> <span class='ocrx_word' id='word_1_304' title='bbox 1327 3235 1436 3301; x_wconf 89' lang='lat' dir='ltr'><strong>Setino</strong></span> 
     </span>
     <span class='ocr_line' id='line_1_35' title="bbox 219 3321 1437 3413; baseline 0.005 -31"><span class='ocrx_word' id='word_1_305' title='bbox 219 3349 317 3413; x_wconf 54' lang='lat' dir='ltr'><strong>m,</strong></span> <span class='ocrx_word' id='word_1_306' title='bbox 389 3322 513 3383; x_wconf 86' lang='lat' dir='ltr'><strong>homine</strong></span> <span class='ocrx_word' id='word_1_307' title='bbox 534 3321 616 3403; x_wconf 78' lang='lat' dir='ltr'><strong>leges</strong></span> <span class='ocrx_word' id='word_1_308' title='bbox 639 3321 823 3403; x_wconf 83' lang='lat' dir='ltr'><strong>acciperent,</strong></span> <span class='ocrx_word' id='word_1_309' title='bbox 844 3322 947 3405; x_wconf 86' lang='lat' dir='ltr'><strong>gladio</strong></span> <span class='ocrx_word' id='word_1_310' title='bbox 968 3324 1104 3386; x_wconf 86' lang='lat' dir='ltr'><strong>cinctum</strong></span> <span class='ocrx_word' id='word_1_311' title='bbox 1117 3325 1149 3386; x_wconf 89' lang='lat' dir='ltr'><strong>in</strong></span> <span class='ocrx_word' id='word_1_312' title='bbox 1163 3335 1302 3387; x_wconf 79' lang='lat' dir='ltr'><strong>senamm</strong></span> <span class='ocrx_word' id='word_1_313' title='bbox 1326 3339 1437 3388; x_wconf 85' lang='lat' dir='ltr'><strong>ventu·</strong></span> 
     </span>
     <span class='ocr_line' id='line_1_36' title="bbox 389 3406 1435 3494; baseline 0.008 -27"><span class='ocrx_word' id='word_1_314' title='bbox 389 3426 454 3467; x_wconf 90' lang='lat' dir='ltr'><strong>rum</strong></span> <span class='ocrx_word' id='word_1_315' title='bbox 476 3428 509 3467; x_wconf 89' lang='lat' dir='ltr'><strong>se</strong></span> <span class='ocrx_word' id='word_1_316' title='bbox 535 3428 611 3485; x_wconf 87' lang='lat' dir='ltr'><strong>esse,</strong></span> <span class='ocrx_word' id='word_1_317' title='bbox 637 3407 739 3489; x_wconf 88' lang='lat' dir='ltr'><strong>palam</strong></span> <span class='ocrx_word' id='word_1_318' title='bbox 755 3406 881 3487; x_wconf 88' lang='lat' dir='ltr'><strong>diceret,</strong></span> <span class='ocrx_word' id='word_1_319' title='bbox 904 3419 945 3487; x_wconf 86' lang='lat' dir='ltr'><strong>et,</strong></span> <span class='ocrx_word' id='word_1_320' title='bbox 960 3429 1181 3494; x_wconf 87' lang='lat' dir='ltr'><strong>quemcumque</strong></span> <span class='ocrx_word' id='word_1_321' title='bbox 1200 3412 1232 3472; x_wconf 90' lang='lat' dir='ltr'><strong>in</strong></span> <span class='ocrx_word' id='word_1_322' title='bbox 1252 3411 1339 3473; x_wconf 89' lang='lat' dir='ltr'><strong>curia</strong></span> <span class='ocrx_word' id='word_1_323' title='bbox 1352 3410 1435 3475; x_wconf 73' lang='lat' dir='ltr'><strong>lati·</strong></span> 
     </span>
    </p>
   </div>
   <div class='ocr_carea' id='block_1_3' title="bbox 388 3492 1432 3579">
    <p class='ocr_par' dir='ltr' id='par_1_3' title="bbox 388 3492 1432 3579">
     <span class='ocr_line' id='line_1_37' title="bbox 388 3492 1432 3579; baseline 0.007 -25"><span class='ocrx_word' id='word_1_324' title='bbox 388 3511 461 3567; x_wconf 83' lang='lat' dir='ltr'><strong>num</strong></span> <span class='ocrx_word' id='word_1_325' title='bbox 482 3492 615 3571; x_wconf 85' lang='lat' dir='ltr'><strong>vidisset,</strong></span> <span class='ocrx_word' id='word_1_326' title='bbox 637 3514 692 3555; x_wconf 90' lang='lat' dir='ltr'><strong>sua</strong></span> <span class='ocrx_word' id='word_1_327' title='bbox 713 3514 806 3557; x_wconf 89' lang='lat' dir='ltr'><strong>manu</strong></span> <span class='ocrx_word' id='word_1_328' title='bbox 827 3492 1067 3579; x_wconf 83' lang='lat' dir='ltr'><strong>interemtorum.</strong></span> <span class='ocrx_word' id='word_1_329' title='bbox 1089 3508 1130 3578; x_wconf 90' lang='lat' dir='ltr'><strong>et,</strong></span> <span class='ocrx_word' id='word_1_330' title='bbox 1153 3518 1312 3561; x_wconf 86' lang='lat' dir='ltr'><strong>conversus</strong></span> <span class='ocrx_word' id='word_1_331' title='bbox 1334 3500 1376 3563; x_wconf 89' lang='lat' dir='ltr'><strong>ad</strong></span> <span class='ocrx_word' id='word_1_332' title='bbox 1393 3501 1432 3561; x_wconf 89' lang='lat' dir='ltr'><strong>si·</strong></span> 
     </span>
    </p>
   </div>
   <div class='ocr_carea' id='block_1_4' title="bbox 756 3658 1084 3712">
    <p class='ocr_par' dir='ltr' id='par_1_4' title="bbox 756 3658 1084 3712">
     <span class='ocr_line' id='line_1_38' title="bbox 756 3658 1084 3712; baseline 0.003 -2"><span class='ocrx_word' id='word_1_333' title='bbox 756 3658 922 3711; x_wconf 58' lang='lat' dir='ltr'><strong>mimum</strong></span> <span class='ocrx_word' id='word_1_334' title='bbox 929 3660 1004 3712; x_wconf 76' lang='lat' dir='ltr'><strong>(lton.</strong></span> <span class='ocrx_word' id='word_1_335' title='bbox 1015 3662 1084 3711; x_wconf 69' lang='lat' dir='ltr'><strong>Cret.</strong></span> 
     </span>
    </p>
   </div>
   <div class='ocr_carea' id='block_1_5' title="bbox 385 3790 1433 4505">
    <p class='ocr_par' dir='ltr' id='par_1_5' title="bbox 385 3790 1433 4505">
     <span class='ocr_line' id='line_1_39' title="bbox 423 3790 1433 3863; baseline 0.009 -24"><span class='ocrx_word' id='word_1_336' title='bbox 423 3790 470 3826; x_wconf 80' lang='lat'><strong>¹⁴¹</strong></span> <span class='ocrx_word' id='word_1_337' title='bbox 486 3790 593 3853; x_wconf 77' lang='lat' dir='ltr'><strong>Uturpru</strong></span> <span class='ocrx_word' id='word_1_338' title='bbox 624 3794 685 3841; x_wconf 67' lang='lat' dir='ltr'><strong>nodo</strong></span> <span class='ocrx_word' id='word_1_339' title='bbox 714 3792 843 3855; x_wconf 62' lang='lat' dir='ltr'><strong>nudum</strong></span> <span class='ocrx_word' id='word_1_340' title='bbox 868 3808 901 3850; x_wconf 78' lang='lat' dir='ltr'><strong>es,</strong></span> <span class='ocrx_word' id='word_1_341' title='bbox 929 3805 957 3842; x_wconf 91' lang='lat' dir='ltr'><strong>ut</strong></span> <span class='ocrx_word' id='word_1_342' title='bbox 966 3793 1027 3844; x_wconf 79' lang='lat' dir='ltr'><strong>clrre</strong></span> <span class='ocrx_word' id='word_1_343' title='bbox 1037 3794 1145 3859; x_wconf 79' lang='lat' dir='ltr'><strong>exprimit</strong></span> <span class='ocrx_word' id='word_1_344' title='bbox 1162 3797 1224 3846; x_wconf 82' lang='lat' dir='ltr'><strong>idern</strong></span> <span class='ocrx_word' id='word_1_345' title='bbox 1240 3798 1339 3855; x_wconf 81' lang='lat' dir='ltr'><strong>Anuirrs,</strong></span> <span class='ocrx_word' id='word_1_346' title='bbox 1354 3814 1374 3847; x_wconf 84' lang='lat' dir='ltr'><strong>r.</strong></span> <span class='ocrx_word' id='word_1_347' title='bbox 1384 3814 1433 3863; x_wconf 82' lang='lat' dir='ltr'><strong>seq.</strong></span> 
     </span>
     <span class='ocr_line' id='line_1_40' title="bbox 387 3854 1432 3929; baseline 0.008 -24"><span class='ocrx_word' id='word_1_348' title='bbox 387 3858 447 3921; x_wconf 76' lang='lat' dir='ltr'><strong>qued</strong></span> <span class='ocrx_word' id='word_1_349' title='bbox 466 3858 502 3905; x_wconf 85' lang='lat' dir='ltr'><strong>illi</strong></span> <span class='ocrx_word' id='word_1_350' title='bbox 519 3858 576 3905; x_wconf 76' lang='lat' dir='ltr'><strong>tobit</strong></span> <span class='ocrx_word' id='word_1_351' title='bbox 596 3858 661 3907; x_wconf 79' lang='lat' dir='ltr'><strong>taciti</strong></span> <span class='ocrx_word' id='word_1_352' title='bbox 674 3854 805 3918; x_wconf 60' lang='lat' dir='ltr'><strong>madunt]</strong></span> <span class='ocrx_word' id='word_1_353' title='bbox 824 3855 897 3905; x_wconf 82' lang='lat' dir='ltr'><strong>Vobis</strong></span> <span class='ocrx_word' id='word_1_354' title='bbox 928 3869 1015 3908; x_wconf 67' lang='lat' dir='ltr'><strong>enutru</strong></span> <span class='ocrx_word' id='word_1_355' title='bbox 1029 3870 1113 3922; x_wconf 74' lang='lat' dir='ltr'><strong>parton</strong></span> <span class='ocrx_word' id='word_1_356' title='bbox 1126 3878 1210 3924; x_wconf 72' lang='lat' dir='ltr'><strong>equora</strong></span> <span class='ocrx_word' id='word_1_357' title='bbox 1225 3880 1252 3911; x_wconf 76' lang='lat' dir='ltr'><strong>er</strong></span> <span class='ocrx_word' id='word_1_358' title='bbox 1266 3874 1359 3927; x_wconf 72' lang='lat' dir='ltr'><strong>utraque</strong></span> <span class='ocrx_word' id='word_1_359' title='bbox 1369 3875 1432 3929; x_wconf 75' lang='lat' dir='ltr'><strong>gasts</strong></span> 
     </span>
     <span class='ocr_line' id='line_1_41' title="bbox 388 3920 1405 3993; baseline 0.007 -24"><span class='ocrx_word' id='word_1_360' title='bbox 388 3920 421 3969; x_wconf 86' lang='lat' dir='ltr'><strong>llll</strong></span> <span class='ocrx_word' id='word_1_361' title='bbox 443 3922 506 3971; x_wconf 72' lang='lat' dir='ltr'><strong>taciti</strong></span> <span class='ocrx_word' id='word_1_362' title='bbox 529 3921 669 3979; x_wconf 62' lang='lat' dir='ltr'><strong>excedunt,</strong></span> <span class='ocrx_word' id='word_1_363' title='bbox 691 3938 722 3971; x_wconf 80' lang='lat' dir='ltr'><strong>ue</strong></span> <span class='ocrx_word' id='word_1_364' title='bbox 747 3922 789 3970; x_wconf 83' lang='lat' dir='ltr'><strong>sub</strong></span> <span class='ocrx_word' id='word_1_365' title='bbox 816 3937 897 3971; x_wconf 80' lang='lat' dir='ltr'><strong>eorum</strong></span> <span class='ocrx_word' id='word_1_366' title='bbox 929 3940 978 3972; x_wconf 66' lang='lat' dir='ltr'><strong>m.</strong></span> <span class='ocrx_word' id='word_1_367' title='bbox 997 3926 1052 3976; x_wconf 77' lang='lat' dir='ltr'><strong>vti.</strong></span> <span class='ocrx_word' id='word_1_368' title='bbox 1065 3938 1145 3975; x_wconf 88' lang='lat' dir='ltr'><strong>etnot.</strong></span> <span class='ocrx_word' id='word_1_369' title='bbox 1156 3930 1234 3977; x_wconf 75' lang='lat' dir='ltr'><strong>atat</strong></span> <span class='ocrx_word' id='word_1_370' title='bbox 1242 3942 1274 3977; x_wconf 87' lang='grc' dir='ltr'><strong>ιι.</strong></span> <span class='ocrx_word' id='word_1_371' title='bbox 1287 3930 1325 3979; x_wconf 81' lang='grc'><strong>13.</strong></span> <span class='ocrx_word' id='word_1_372' title='bbox 1334 3944 1405 3993; x_wconf 80' lang='lat' dir='ltr'><strong>supra.</strong></span> 
     </span>
     <span class='ocr_line' id='line_1_42' title="bbox 386 3984 1429 4055; baseline 0.004 -16"><span class='ocrx_word' id='word_1_373' title='bbox 386 3988 434 4047; x_wconf 77' lang='lat' dir='ltr'><strong>lam</strong></span> <span class='ocrx_word' id='word_1_374' title='bbox 451 3987 549 4051; x_wconf 83' lang='lat' dir='ltr'><strong>imperio</strong></span> <span class='ocrx_word' id='word_1_375' title='bbox 567 3988 626 4037; x_wconf 79' lang='lat' dir='ltr'><strong>sitis.</strong></span> <span class='ocrx_word' id='word_1_376' title='bbox 669 3984 780 4051; x_wconf 86' lang='lat' dir='ltr'><strong>Superest</strong></span> <span class='ocrx_word' id='word_1_377' title='bbox 801 3996 893 4036; x_wconf 83' lang='lat' dir='ltr'><strong>nutum</strong></span> <span class='ocrx_word' id='word_1_378' title='bbox 960 3987 981 4023; x_wconf 79' lang='lat'><strong>⁸⁶</strong></span> <span class='ocrx_word' id='word_1_379' title='bbox 997 3988 1037 4037; x_wconf 77' lang='lat' dir='ltr'><strong>Eis</strong></span> <span class='ocrx_word' id='word_1_380' title='bbox 1059 3992 1160 4055; x_wconf 71' lang='lat' dir='ltr'><strong>mutus]</strong></span> <span class='ocrx_word' id='word_1_381' title='bbox 1196 3994 1303 4055; x_wconf 77' lang='lat' dir='ltr'><strong>lntelllge</strong></span> <span class='ocrx_word' id='word_1_382' title='bbox 1332 3996 1429 4043; x_wconf 76' lang='grc' dir='ltr'>Διιιιῐιιιιι</span> 
     </span>
     <span class='ocr_line' id='line_1_43' title="bbox 387 4052 1428 4121; baseline 0.007 -19"><span class='ocrx_word' id='word_1_383' title='bbox 387 4062 415 4102; x_wconf 80' lang='lat' dir='ltr'><strong>ut</strong></span> <span class='ocrx_word' id='word_1_384' title='bbox 435 4068 475 4101; x_wconf 77' lang='lat' dir='ltr'><strong>voa</strong></span> <span class='ocrx_word' id='word_1_385' title='bbox 496 4052 519 4099; x_wconf 87' lang='lat' dir='ltr'><strong>id</strong></span> <span class='ocrx_word' id='word_1_386' title='bbox 535 4064 613 4115; x_wconf 83' lang='lat' dir='ltr'><strong>aperte</strong></span> <span class='ocrx_word' id='word_1_387' title='bbox 629 4052 772 4117; x_wconf 80' lang='lat' dir='ltr'><strong>postulando,</strong></span> <span class='ocrx_word' id='word_1_388' title='bbox 793 4052 817 4099; x_wconf 88' lang='lat' dir='ltr'><strong>in</strong></span> <span class='ocrx_word' id='word_1_389' title='bbox 834 4053 894 4102; x_wconf 82' lang='lat' dir='ltr'><strong>illius</strong></span> <span class='ocrx_word' id='word_1_390' title='bbox 925 4066 951 4103; x_wconf 83' lang='lat' dir='ltr'><strong>et</strong></span> <span class='ocrx_word' id='word_1_391' title='bbox 966 4054 1071 4116; x_wconf 74' lang='lat' dir='ltr'><strong>collegas.</strong></span> <span class='ocrx_word' id='word_1_392' title='bbox 1102 4056 1175 4121; x_wconf 65' lang='lat' dir='ltr'><strong>Supra</strong></span> <span class='ocrx_word' id='word_1_393' title='bbox 1192 4059 1281 4106; x_wconf 79' lang='lat' dir='ltr'><strong>dictum</strong></span> <span class='ocrx_word' id='word_1_394' title='bbox 1299 4071 1336 4107; x_wconf 83' lang='lat' dir='ltr'><strong>est</strong></span> <span class='ocrx_word' id='word_1_395' title='bbox 1353 4061 1428 4109; x_wconf 76' lang='lat' dir='ltr'><strong>decem</strong></span> 
     </span>
     <span class='ocr_line' id='line_1_44' title="bbox 385 4116 1429 4183; baseline 0.011 -20"><span class='ocrx_word' id='word_1_396' title='bbox 385 4116 445 4177; x_wconf 74' lang='lat' dir='ltr'><strong>juris</strong></span> <span class='ocrx_word' id='word_1_397' title='bbox 464 4118 630 4180; x_wconf 69' lang='lat' dir='ltr'><strong>ponemiunem</strong></span> <span class='ocrx_word' id='word_1_398' title='bbox 656 4118 750 4167; x_wconf 67' lang='lat' dir='ltr'><strong>latium</strong></span> <span class='ocrx_word' id='word_1_399' title='bbox 774 4116 895 4167; x_wconf 81' lang='lat' dir='ltr'><strong>inducatis.</strong></span> <span class='ocrx_word' id='word_1_400' title='bbox 925 4118 1039 4183; x_wconf 80' lang='lat' dir='ltr'><strong>principes</strong></span> <span class='ocrx_word' id='word_1_401' title='bbox 1055 4121 1188 4170; x_wconf 82' lang='lat' dir='ltr'><strong>Latinorum</strong></span> <span class='ocrx_word' id='word_1_402' title='bbox 1205 4122 1305 4172; x_wconf 83' lang='lat' dir='ltr'><strong>Romam</strong></span> <span class='ocrx_word' id='word_1_403' title='bbox 1323 4136 1429 4174; x_wconf 61' lang='lat' dir='ltr'><strong>uocatos.</strong></span> 
     </span>
     <span class='ocr_line' id='line_1_45' title="bbox 390 4176 1429 4255; baseline 0.009 -27"><span class='ocrx_word' id='word_1_404' title='bbox 390 4176 503 4241; x_wconf 70' lang='lat' dir='ltr'><strong>[fremore</strong></span> <span class='ocrx_word' id='word_1_405' title='bbox 518 4196 565 4231; x_wconf 87' lang='lat' dir='ltr'><strong>non</strong></span> <span class='ocrx_word' id='word_1_406' title='bbox 583 4192 620 4233; x_wconf 79' lang='lat' dir='ltr'><strong>eat</strong></span> <span class='ocrx_word' id='word_1_407' title='bbox 638 4181 825 4243; x_wconf 78' lang='lat' dir='ltr'><strong>idhtinequod</strong></span> <span class='ocrx_word' id='word_1_408' title='bbox 836 4181 894 4230; x_wconf 80' lang='lat' dir='ltr'><strong>Gal·</strong></span> <span class='ocrx_word' id='word_1_409' title='bbox 927 4184 1004 4245; x_wconf 73' lang='lat' dir='ltr'><strong>Vulgo</strong></span> <span class='ocrx_word' id='word_1_410' title='bbox 1015 4187 1069 4234; x_wconf 82' lang='lat' dir='ltr'><strong>editi</strong></span> <span class='ocrx_word' id='word_1_411' title='bbox 1081 4187 1168 4235; x_wconf 79' lang='lat' dir='ltr'><strong>habent</strong></span> <span class='ocrx_word' id='word_1_412' title='bbox 1179 4192 1207 4239; x_wconf 81' lang='lat' dir='ltr'><strong>el.</strong></span> <span class='ocrx_word' id='word_1_413' title='bbox 1241 4190 1287 4237; x_wconf 85' lang='lat' dir='ltr'><strong>Sed</strong></span> <span class='ocrx_word' id='word_1_414' title='bbox 1299 4188 1429 4255; x_wconf 63' lang='lat' dir='ltr'><strong>rlelsprae-</strong></span> 
     </span>
     <span class='ocr_line' id='line_1_46' title="bbox 387 4241 1428 4317; baseline 0.015 -29"><span class='ocrx_word' id='word_1_415' title='bbox 387 4241 431 4290; x_wconf 83' lang='lat' dir='ltr'><strong>lice</strong></span> <span class='ocrx_word' id='word_1_416' title='bbox 447 4242 543 4293; x_wconf 79' lang='lat' dir='ltr'><strong>dicimus</strong></span> <span class='ocrx_word' id='word_1_417' title='bbox 560 4262 662 4309; x_wconf 77' lang='lat' dir='ltr'><strong>suuper,</strong></span> <span class='ocrx_word' id='word_1_418' title='bbox 679 4248 719 4297; x_wconf 80' lang='lat' dir='ltr'><strong>sed</strong></span> <span class='ocrx_word' id='word_1_419' title='bbox 737 4262 804 4295; x_wconf 86' lang='lat' dir='ltr'><strong>usum</strong></span> <span class='ocrx_word' id='word_1_420' title='bbox 823 4248 894 4298; x_wconf 84' lang='lat' dir='ltr'><strong>alicu·</strong></span> <span class='ocrx_word' id='word_1_421' title='bbox 925 4248 1004 4297; x_wconf 77' lang='lat' dir='ltr'><strong>ferunt</strong></span> <span class='ocrx_word' id='word_1_422' title='bbox 1024 4251 1112 4313; x_wconf 81' lang='lat' dir='ltr'><strong>aliquot</strong></span> <span class='ocrx_word' id='word_1_423' title='bbox 1129 4254 1208 4317; x_wconf 78' lang='lat' dir='ltr'><strong>scripti</strong></span> <span class='ocrx_word' id='word_1_424' title='bbox 1227 4270 1241 4301; x_wconf 81' lang='grc' dir='ltr'>ι</span> <span class='ocrx_word' id='word_1_425' title='bbox 1263 4254 1379 4304; x_wconf 83' lang='lat' dir='ltr'><strong>Groaorlo</strong></span> <span class='ocrx_word' id='word_1_426' title='bbox 1393 4258 1428 4303; x_wconf 83' lang='lat' dir='ltr'><strong>in·</strong></span> 
     </span>
     <span class='ocr_line' id='line_1_47' title="bbox 397 4307 1428 4381; baseline 0.015 -24"><span class='ocrx_word' id='word_1_427' title='bbox 397 4320 424 4357; x_wconf 82' lang='lat' dir='ltr'><strong>tu</strong></span> <span class='ocrx_word' id='word_1_428' title='bbox 444 4307 478 4357; x_wconf 84' lang='lat' dir='ltr'><strong>tel</strong></span> <span class='ocrx_word' id='word_1_429' title='bbox 498 4322 622 4373; x_wconf 68' lang='lat' dir='ltr'><strong>cepenam.</strong></span> <span class='ocrx_word' id='word_1_430' title='bbox 666 4310 704 4361; x_wconf 79' lang='lat' dir='ltr'><strong>Sir</strong></span> <span class='ocrx_word' id='word_1_431' title='bbox 724 4326 790 4375; x_wconf 76' lang='lat' dir='ltr'><strong>snpra</strong></span> <span class='ocrx_word' id='word_1_432' title='bbox 809 4312 834 4361; x_wconf 86' lang='lat' dir='ltr'><strong>in</strong></span> <span class='ocrx_word' id='word_1_433' title='bbox 852 4312 895 4362; x_wconf 78' lang='lat' dir='ltr'><strong>tac</strong></span> <span class='ocrx_word' id='word_1_434' title='bbox 925 4316 1007 4377; x_wconf 77' lang='lat' dir='ltr'><strong>specti,</strong></span> <span class='ocrx_word' id='word_1_435' title='bbox 1024 4328 1049 4364; x_wconf 82' lang='lat' dir='ltr'><strong>et</strong></span> <span class='ocrx_word' id='word_1_436' title='bbox 1065 4326 1165 4381; x_wconf 76' lang='lat' dir='ltr'><strong>quatuor</strong></span> <span class='ocrx_word' id='word_1_437' title='bbox 1180 4335 1195 4368; x_wconf 85' lang='lat' dir='ltr'><strong>c</strong></span> <span class='ocrx_word' id='word_1_438' title='bbox 1211 4321 1304 4369; x_wconf 73' lang='grc' dir='ltr'>ιισιιιίι.</span> <span class='ocrx_word' id='word_1_439' title='bbox 1336 4321 1365 4370; x_wconf 77' lang='lat' dir='ltr'><strong>Bt</strong></span> <span class='ocrx_word' id='word_1_440' title='bbox 1378 4338 1428 4371; x_wconf 77' lang='lat' dir='ltr'><strong>nox</strong></span> 
     </span>
     <span class='ocr_line' id='line_1_48' title="bbox 396 4370 1246 4505; baseline 0.02 -86"><span class='ocrx_word' id='word_1_441' title='bbox 396 4370 895 4505; x_wconf 45' lang='grc' dir='ltr'>μῦἪηαῶῗὸἭιὺΜ</span> <span class='ocrx_word' id='word_1_442' title='bbox 929 4379 1034 4442; x_wconf 79' lang='lat' dir='ltr'><strong>sequitur</strong></span> <span class='ocrx_word' id='word_1_443' title='bbox 1043 4384 1119 4455; x_wconf 67' lang='lat' dir='ltr'><strong>egisset</strong></span> <span class='ocrx_word' id='word_1_444' title='bbox 1127 4386 1222 4435; x_wconf 71' lang='lat' dir='ltr'><strong>tentis</strong></span> <span class='ocrx_word' id='word_1_445' title='bbox 1243 4418 1246 4422; x_wconf 91' lang='lat'>-</span> 
     </span>
    </p>
   </div>
   <div class='ocr_carea' id='block_1_6' title="bbox 0 0 1592 5200">
    <p class='ocr_par' dir='ltr' id='par_1_6' title="bbox 0 0 1592 5200">
     <span class='ocr_line' id='line_1_49' title="bbox 0 0 1592 5200; baseline 0 2"><span class='ocrx_word' id='word_1_446' title='bbox 0 0 1592 5200; x_wconf 95' lang='lat' dir='ltr'><strong> </strong></span> 
     </span>
    </p>
   </div>
  </div>
 </body>
</html>
