3175 5200
499 399 912 496 aminarexxvn.
1155 437 1216 507 aar

177 607 285 654 norum
300 567 403 655 cursus
429 589 637 654 adulatorem
659 571 752 654 etiam
772 590 858 654 ocior
870 586 938 654 iirit.
980 577 1037 670 llrl,
1063 589 1146 656 circa
1164 589 1215 676 ia·
1228 582 1371 654 neam

178 677 273 740 centis
289 669 368 744 Galli
392 691 500 763 corpus
526 687 684 741 contracto
706 675 884 757 certamine,
906 693 1010 764 pugna
1031 689 1118 742 atrox
1141 697 1215 741 con·
1228 661 1366 717 ΝΜ

177 763 298 828 citatur.
340 763 411 828 dam
426 779 488 828 nou
503 765 665 848 manipulis
679 763 886 848 proximarum
901 763 1077 844 stationum,
1103 762 1156 828 sed
1171 761 1215 827 le·

176 843 315 932 gionibus
336 851 488 934 utrimque
503 847 604 914 effusis
630 867 677 914 res
698 849 823 939 geritur.
867 850 1014 913 Camillus
1034 851 1134 914 letum
1156 851 1215 914 ml·
1229 856 1339 936 heleq

178 937 263 999 litem
278 938 405 1000 victoria
431 939 554 1020 tn'buni,
578 940 680 1000 latum
705 949 770 1000 tam
796 931 991 1021 presentibus
1017 955 1053 1000 ac
1077 937 1216 1001 secundis
1227 935 1351 972 mam·

176 1011 254 1102 Diis,
281 1025 324 1085 lre
350 1021 547 1173 in}proelium
573 1021 682 1108 jubett
713 1033 908 1107 ostentasque
932 1023 1083 1107 insignem
1112 1023 1216 1108 spoliis
1228 998 1364 1105 giiii&

177 1109 341 1190 tribunum,
363 1107 375 1143 ‘
419 1129 478 1174 unc
493 1109 624 1191 imitare,
640 1107 747 1190 miles,’
763 1111 886 1174 aiebat:
905 1110 959 1175 ‘et
973 1111 1054 1174 circa
1061 1109 1216 1194 jacentem

176 1194 310 1258 ‘ducent
326 1203 427 1260 sterne
445 1196 602 1260 Gallorum
617 1195 771 1259 catervas!
815 1196 867 1259 Dii
883 1197 1081 1282 hominesque
1096 1197 1140 1259 illl
1163 1193 1218 1260 sd·

177 1272 261 1344 iuere
275 1294 383 1368 pugna
393 1302 403 1362 ;
431 1285 696 1368 depugnatumque
714 1281 949 1368 haudquaquam
972 1285 1138 1347 certamine
1153 1301 1219 1346 arn·

177 1367 271 1452 biguo
287 1387 356 1432 curn
372 1366 468 1433 Gallis
484 1377 540 1434 est.
560 1369 636 1434 adeo
661 1368 822 1432 ”duomm
845 1369 977 1433 militum
999 1381 1151 1451 eventum,
1173 1373 1220 1434 iu·
1248 1375 1253 1384 ’

178 1461 224 1517 tet
248 1471 324 1538 quos
347 1469 515 1540 puffltatum
539 1469 613 1536 erat,
637 1469 764 1539 utraque
787 1457 868 1519 acies
891 1457 1000 1522 animis
1014 1449 1220 1542 perceperat(
1319 1507 1323 1514 .

173 1535 261 1604 'luter
297 1543 401 1622 timos,
426 1559 552 1626 quorum
576 1560 738 1606 concursus
755 1541 830 1606 allos
846 1543 1011 1622 exciverat,
1034 1555 1123 1605 atrox
1138 1559 1221 1626 pror·

177 1625 252 1689 lium
266 1563 341 1692 git:
366 1629 426 1692 alia
445 1627 620 1708 multitudo,
644 1629 819 1714 priusquam
840 1629 880 1692 ad
901 1627 1076 1712 conjectum
1098 1628 1152 1692 teli
1167 1646 1219 1688 ve·

177 1713 267 1792 niret,
294 1727 380 1798 terga
394 1718 494 1778 uertit.
538 1709 639 1777 Primo
659 1727 712 1798 per
725 1713 853 1778 Volscos
870 1709 1089 1798 Falernumque
1113 1729 1218 1794 agrum

178 1799 315 1884 dissipati
328 1809 417 1864 sunt:
443 1801 514 1862 inde
530 1799 674 1884 Apuliam
694 1818 730 1862 ac
745 1803 771 1840 ³⁸
781 1815 866 1863 mare
888 1799 1044 1868 inierunt⁸
1059 1800 1219 1884 petierunt

176 1878 301 1966 Consul,
326 1885 473 1950 concione
495 1887 654 1966 advocata,
675 1881 828 1952 laudatum
855 1886 1009 1949 tribunum
1032 1885 1138 1949 decern
1160 1886 1218 1947 bu-

175 1971 258 2033 ltush
274 1987 423 2056 aureoque
438 1993 551 2038 corona
566 1973 673 2040 donat.
697 1973 775 2058 ipse,
794 1972 896 2057 jussus
919 1973 958 2036 ab
980 1977 1086 2036 senatu
1104 1971 1218 2034 belluni

175 2057 360 2122 maritimum
376 2075 492 2140 curare,
518 2077 587 2126 cum
611 2070 737 2144 pretore
756 2059 862 2142 junxit
876 2071 984 2122 castra.
1009 2059 1062 2140 riti,
1086 2059 1218 2140 quiores

119 2169 121 2173 ’
176 2138 255 2207 tralti
280 2147 410 2227 segnitia
435 2142 607 2210 Graecorum
633 2163 695 2207 non
722 2144 981 2208 committentium
1005 2165 1037 2206 se
1062 2144 1095 2207 in
1120 2143 1218 2206 acient
1287 2221 1291 2228 =

176 2229 354 2293 videbantur
362 2231 382 2310 ¹,
405 2232 587 2295 dictatorem
602 2233 793 2294 comitiorum
813 2249 920 2294 caussa
932 2229 971 2292 T.
978 2223 1129 2293 Manlium
1137 2224 1217 2293 Tor·
1228 2241 1371 2294 mianum

176 2329 301 2400 quatum
326 2339 365 2380 ex
395 2319 577 2381 auctoritate
605 2327 727 2402 senatus
754 2316 843 2380 dixit.
894 2317 1049 2396 Dictator,
1072 2317 1218 2404 magistro
1229 2308 1333 2358 dem«.

176 2400 312 2486 equiturn
337 2403 377 2466 A.
393 2399 536 2469 Cornelio
558 2401 654 2467 Cosso
677 2403 771 2484 dicto,
797 2403 922 2466 comitia
944 2403 1137 2466 consularial
1161 2400 1218 2466 lia·

174 2489 252 2569 buit,
278 2489 476 2574 amniumque
503 2489 620 2553 decoris
647 2491 691 2552 sui
721 2491 878 2553 absentem
902 2484 949 2553 M.
965 2486 1118 2553 Valerium
1141 2487 1256 2579 Cor-0
1275 2529 1297 2578 ο
1313 2529 1362 2580 Μ

177 2589 244 2641 vum
263 2575 306 2659 (ta
322 2578 404 2641 enm
426 2578 476 2641 ne
492 2577 602 2642 aetnae
617 2577 808 2661 cognominis
823 2577 894 2659 run)
911 2589 1029 2640 nmmo
1043 2577 1146 2640 favore
1159 2597 1217 2661 ps
1231 2562 1373 2645 scas?

174 2664 251 2747 puli,
266 2675 327 2726 tres
343 2674 375 2728 et
389 2660 495 2748 viginti
510 2675 616 2728 natum
631 2682 737 2745 annos,
760 2662 916 2727 consulent
941 2664 1138 2727 renunciavit.
1153 2662 1218 2726 col·
1231 2658 1377 2740 ΝΜ
1487 2670 1490 2678 ’

173 2748 244 2843 lega
273 2748 371 2813 Cotto
398 2752 436 2814 de
461 2749 550 2835 plebe
575 2748 622 2814 M.
638 2748 782 2833 Popillius
808 2748 915 2813 lanas
944 2762 1082 2835 quartum
1112 2748 1218 2814 consul
1231 2725 1371 2845 &w

174 2835 291 2900 futurus
316 2835 404 2901 datus
426 2850 482 2901 est.
527 2832 605 2901 Cum
620 2834 732 2901 Graecis
747 2859 767 2901 a
781 2834 912 2899 Camillo
935 2836 1018 2900 nulla
1034 2838 1218 2901 memorabi-

174 2922 211 2985 lis
226 2936 314 3006 gesta
329 2945 394 2987 res:
421 2944 479 2987 nec
494 2923 537 2987 illi
554 2936 644 3004 terra,
659 2946 716 2987 nec
736 2922 893 2987 Romanus
908 2923 985 2987 mari
999 2924 1129 2987 bellator
1142 2935 1220 2987 erat.

174 3002 344 3096 Postremo,
359 3031 452 3092 quum
466 3010 603 3074 litoribus
618 3022 803 3090 arcerentur,
829 3028 909 3093 aqua
930 3011 1024 3073 etiam
1045 3020 1154 3095 praeter
1169 3029 1220 3073 ce-

177 3106 242 3157 tera
256 3097 427 3159 necessaria
440 3096 505 3158 usui
525 3096 696 3175 deficiente,
721 3092 842 3159 ltaliam
857 3096 1014 3179 reliquere.
1057 3094 1151 3177 Cujus
1163 3113 1221 3179 po-

176 3180 238 3265 puli
262 3203 311 3259 ea,
327 3182 470 3265 cujusque
492 3181 592 3263 gentis
606 3182 710 3245 classis
733 3180 833 3261 luerit,
856 3179 932 3243 nihil
948 3178 1023 3244 certi
1038 3192 1095 3243 est.
1120 3180 1220 3243 maxi-

175 3288 225 3332 me
240 3265 350 3331 Siciliae
372 3266 463 3330 fuisse
484 3278 630 3352 tyrannos
653 3266 844 3330 crediderim.
866 3281 939 3329 natu
953 3266 1080 3328 ulterior
1092 3262 1220 3346 Gracia,

176 3374 213 3415 ea
226 3363 408 3437 tempestate
424 3354 568 3417 intestino
589 3352 669 3417 iessa
689 3352 782 3435 bello,
804 3352 871 3435 jam
886 3354 913 3393 ¹⁴
924 3350 1130 3416 Macedonum
1147 3373 1221 3439 opes

176 3440 329 3505 horrebat.

218 3522 351 3591 XXVII.
372 3524 564 3593 Exercitibus
580 3526 722 3608 dimissis,
746 3543 838 3611 quum
860 3538 893 3590 et
915 3524 988 3589 ioris
1001 3543 1064 3613 pax
1090 3538 1123 3591 et
1136 3527 1220 3590 domi

218 3692 543 3832 'mitads
623 3706 1177 3828 'mnnduw
1245 3741 1249 3747 ·

216 3916 358 3967 ”Duorum
385 3918 483 3967 saltam
513 3928 675 3972 sunna...
713 3917 1000 3982 tureqamrstiaearus,
1014 3917 1220 3981 dari-'mepti-

175 3990 270 4047 utraque
281 3985 337 4033 aare
351 3986 430 4032 mitris
444 3984 586 4047 preceperat]
609 3986 681 4035 Utra-
713 4000 810 4049 utusque
822 3996 865 4035 α.

176 4063 220 4111 que
240 4044 299 4097 scies
316 4059 346 4096 ex
370 4056 455 4098 eventu
479 4048 598 4111 singularis
618 4050 682 4099 inter
744 4051 766 4085 ³³
784 4048 850 4098 lim
863 4046 983 4113 emm]
1002 4046 1041 4098 Sic
1058 4046 1113 4096 alirn
1130 4046 1219 4111 legeba-

175 4114 232 4163 duos
255 4114 340 4163 milites
357 4114 487 4163 conaminis
509 4126 575 4178 rapto
593 4118 680 4177 omine,
712 4124 760 4176 tur,
787 4125 848 4164 teste
870 4114 991 4164 cumae
1035 4111 1101 4161 Mas
1119 4110 1220 4178 lqiiru

175 4178 321 4243 prugiebat
350 4180 430 4229 animis
460 4180 567 4229 eamdem
590 4196 681 4247 quoque
712 4180 831 4230 obmwe
849 4180 926 4229 audo
942 4179 984 4244 qui
993 4178 1162 4237 mammas,
1180 4190 1219 4227 ra·

175 4244 344 4293 eventumfors
364 4244 477 4294 universa
491 4247 553 4295 inter
567 4246 624 4297 duas
640 4262 681 4295 ex·
712 4246 826 4295 charante
844 4246 893 4309 ipso
910 4242 1079 4294 lorommsita.
1111 4241 1219 4306 sydus

176 4309 367 4387 orfitus'pugnn.
401 4306 531 4389 Gronovips
548 4326 577 4361 ex
595 4312 681 4361 duabsu
712 4310 776 4391 enirn
786 4320 851 4360 atara
866 4310 982 4375 Superum
1000 4308 1075 4359 alluit.
1107 4306 1220 4373 θυμία

176 4372 680 4515 titulatarum
712 4376 784 4475 “¹3¹2“
810 4390 1133 4503 mmm
1161 4433 1220 4515 a..

176 4514 307 4563 mmmm,
326 4520 394 4568 quam
414 4506 490 4555 fimat
511 4522 569 4556 unus
590 4522 680 4571 queque
711 4502 1219 4575 tpotemporemnqpontmsnrtaqu

174 4568 341 4631 smaiheodd.
361 4576 594 4643 quamsensttsejtts
608 4574 681 4639 serip-
712 4570 1081 4639 petaolynrhauupugmtts
1132 4592 1136 4598 ·
