3175 5200
376 367 419 422 aa
796 353 1001 416 T1T1L1v11
1075 363 1079 371 ’

211 537 342 591 Mag,
378 514 465 598 gilae
485 511 625 576 decurias
649 508 770 584 eruatis,
799 507 852 588 qui
876 526 1002 570 summa
1027 526 1125 570 rerum
1150 522 1323 591 praestent,
1345 531 1420 575 con·

211 605 244 656 Α.
256 605 285 654 c.
295 607 350 658 71⁴·
378 599 508 666 sociam.
530 599 637 664 decern
663 594 889 678 imperitabunt,
918 614 994 656 unus
1017 613 1088 658 eum
1110 595 1277 677 insignibus
1299 597 1420 681 imperii

242 747 245 752 .
379 697 411 750 et
434 685 591 750 lictoribus
605 692 692 746 erat:
717 683 743 720 ¹⁵
759 678 891 760 quinque
909 679 1030 742 dierum
1050 682 1151 762 spatio
1176 681 1335 746 liniebatur
1359 684 1419 746 inr-

214 784 332 844 rnserreg·
378 772 507 856 perium,
528 791 564 834 ao
588 789 641 852 per
660 785 764 830 omnes
780 765 812 826 in
826 765 929 828 orbem
949 765 1037 828 ibat:
1065 786 1257 849 annuumque
1268 769 1420 847 interval·

212 929 293 966 nuum.

213 863 271 898 Μ
282 863 322 898 ⁸¹¹·
379 857 441 924 luni
465 857 549 940 regni
569 855 635 916 fuir.
658 851 690 914 id
713 852 753 914 ab
776 872 819 930 re,
840 851 922 932 quod
945 872 1026 914 nune
1048 871 1168 934 quoque
1188 865 1276 917 tenet
1295 875 1421 934 nonren,

380 943 588 1024 interregnum
612 937 809 1022 adpellatum.
863 935 1001 1000 Fremere
1031 938 1141 1001 deinde
1168 939 1279 1021 plebs3
1315 939 1422 1004 multi-

379 1030 524 1113 plicatum
548 1025 735 1100 servitutem,
757 1034 880 1084 eenmm
903 1043 958 1104 pro
980 1043 1044 1087 uno
1065 1024 1205 1087 dominos
1220 1024 1342 1088 factost
1363 1046 1423 1090 nec

378 1115 459 1178 ultra
483 1112 542 1176 nini
563 1131 676 1192 regem,
698 1120 730 1172 et
754 1107 794 1170 ab
822 1108 894 1190 ipais
916 1119 1065 1186 creatum,
1091 1111 1271 1174 videbantur
1295 1112 1422 1193 pmssusi.

379 1199 479 1270 Quum
505 1197 667 1261 sensissent
690 1217 727 1256 ea
750 1193 862 1256 moveri
886 1191 1002 1270 Patres,
1026 1194 1223 1258 obserendum
1244 1197 1324 1260 ulmo
1352 1197 1423 1275 rati,

378 1286 459 1368 quod
486 1283 624 1350 amissuri
647 1292 744 1358 erant,
769 1280 814 1341 ita
836 1279 968 1361 gretiam
991 1279 1108 1359 ineunt,
1129 1302 1248 1345 summa
1269 1295 1424 1365 potestate

378 1371 491 1455 populo
517 1369 675 1454 permissa,
696 1379 731 1428 ut
758 1386 821 1428 nou
849 1365 916 1447 plus
941 1363 1051 1427 darem
1074 1364 1162 1446 juris,
1188 1387 1280 1448 quam
1305 1369 1423 1432 detine·

380 1467 481 1522 rent¹.
503 1455 698 1518 decreverunt
717 1452 810 1529 enim,
836 1462 882 1528 ut,
901 1471 972 1513 cum
992 1451 1121 1533 populue
1148 1473 1251 1534 regem
1275 1451 1426 1534 jussisset,

381 1543 412 1606 id
438 1542 481 1604 sic
506 1552 605 1603 ratum
620 1551 709 1615 esset,
726 1540 751 1576 ¹⁶
766 1538 791 1598 si
808 1535 911 1598 Patres
924 1548 1064 1600 auctores
1078 1535 1205 1600 fierent:
1228 1539 1378 1620 hodieque
1390 1542 1424 1603 in

381 1627 496 1710 legibus
517 1625 803 1708 magistratibusque
828 1623 969 1703 rogandis
986 1625 1010 1670 ¹7
1025 1635 1187 1705 ruotrpamr
1209 1625 1292 1688 idem
1309 1625 1373 1706 jun,
1394 1626 1422 1686 vi

381 1714 514 1778 ademta.
542 1713 715 1796 priusquam
744 1708 873 1791 populus
894 1707 1068 1788 suffragium
1093 1710 1186 1788 ineat,
1215 1711 1253 1772 in*
1273 1712 1424 1773 inoermm

381 1799 573 1864 comitiorum
599 1805 740 1860 eventum
766 1793 870 1857 Patres
892 1807 1031 1856 auctores
1054 1793 1140 1856 liunt
1182 1793 1263 1858 'llam
1278 1796 1423 1874 interrex,

381 1887 527 2002 eontipne
542 1885 708 1984 maneatur
732 1881 742 1912 ‘
757 1880 848 1952 Quod
858 1880 982 1979 bonum,
997 1879 1281 1981 farummplelinque
1295 1880 1357 1958 sit,’
1373 1882 1423 1944 in·

382 1963 1425 2137 tintinnum„tennenwile

381 2143 503 2222 ‘arilia
518 2154 658 2206 auctores
679 2136 774 2202 fient.’
806 2137 907 2200 ¹Adeo
930 2137 962 2198 id
984 2147 1106 2218 gramm
1128 2137 1209 2218 plebi
1231 2139 1299 2216 luit,
1318 2150 1364 2216 ut,
1385 2159 1426 2200 ne

380 2229 453 2294 vieti
468 2228 616 2294 beneficio
628 2227 813 2301 riderentur,
833 2223 866 2285 id
880 2221 973 2286 modo
985 2222 1148 2286 minuerent
1157 2222 1373 2305 juberentque,
1390 2236 1426 2288 ut

381 2327 503 2380 senatus
517 2315 705 2390 daeemeret,
719 2311 771 2393 qui
786 2310 892 2372 Rotnoe
906 2321 1057 2391 regnaret.

283 2403 289 2416 '
424 2399 542 2463 XVlll.
557 2399 683 2462 lnelita
707 2396 829 2478 justitia
853 2395 1018 2475 religioque
1046 2415 1084 2456 ea
1108 2405 1292 2478 tempestate
1318 2393 1426 2458 Numa

382 2485 522 2567 Pompilii
551 2495 627 2546 erat.
681 2481 812 2546 Curibus
838 2477 961 2541 Sabinis
985 2478 1156 2559 habitabat,
1189 2481 1426 2544 consultissima

381 2571 437 2648 sir,
467 2581 504 2633 ut
535 2569 567 2633 in
603 2568 657 2631 illa
688 2567 848 2649 qru'aquam
874 2575 966 2627 etate
991 2584 1057 2627 esse
1085 2577 1217 2647 poterat,
1251 2565 1349 2631 omnis
1377 2566 1427 2631 di-

382 2654 692 2737 riniabquebumani
703 2652 790 2734 juria.
833 2650 999 2713 Auctorem
1013 2650 1159 2715 doetrinae
1173 2651 1248 2734 ejus,
1268 2653 1341 2734 quia
1362 2673 1426 2716 non

270 2776 275 2783 ·
383 2746 484 2805 sritst
506 2741 594 2817 abus,
615 2739 692 2801 falso
715 2736 854 2799 Samium
873 2734 1067 2819 Pythagoran
1086 2737 1202 2800 edunt:
1231 2760 1334 2821 quem,
1354 2730 1435 2801 Ser.⁴

381 2828 431 2889 vio
451 2826 554 2899 'llrllio
575 2836 722 2907 regnante
744 2822 861 2901 Roma,
886 2833 1009 2883 cenmm
1032 2823 1162 2905 amplius
1181 2836 1252 2907 post
1266 2846 1372 2902 annos,
1394 2825 1426 2886 in

384 2910 490 2975 ultima
505 2910 600 2974 ltaliae
620 2932 684 2987 ora,
707 2909 788 2971 eirea
812 2906 1027 2989 Metapontum
1042 2906 1284 2993 Heracleamque
1303 2923 1335 2974 et
1349 2909 1427 2972 Cro·

384 3009 468 3077 tona,
488 2996 633 3081 juvenum
649 2998 674 3034 ¹⁸
689 2994 895 3057 emulantium
910 2994 1013 3057 studia
1026 3006 1124 3057 coetus
1138 2996 1280 3059 habuisse
1294 3008 1427 3059 constat.

383 3082 432 3152 En
453 3082 559 3171 quibus
584 3081 659 3145 locis
685 3081 742 3143 etsi
768 3079 904 3163 ejusdem
926 3078 1025 3142 oetatis
1049 3079 1163 3159 fuisset,
1190 3086 1218 3121 ¹⁹
1231 3098 1296 3165 quae
1311 3093 1324 3120 ⁸
1344 3080 1428 3146 fama

606 3315 749 3363 musaeu
762 3309 921 3367 Gruncms.
1057 3309 1204 3370 *pullen

382 3468 430 3531 set
440 3484 588 3549 ¹Dionysiana
603 3500 699 3533 nurnero
709 3486 817 3533 standum
828 3484 891 3535 tide·
923 3494 1026 3533 auctores
1036 3484 1100 3543 iant,
1115 3495 1236 3546 antequam
1246 3484 1343 3553 populna
1351 3486 1432 3535 saffra

383 3556 430 3609 tur.
528 3550 531 3559 ’
922 3546 984 3605 tium
1001 3549 1072 3607 ineat,
1088 3564 1133 3597 nee
1150 3548 1242 3611 proinde
1261 3549 1360 3611 punt,
1374 3564 1432 3617 que·

386 3614 389 3625 '
417 3610 436 3643 ¹⁵
461 3608 507 3664 Qui
582 3612 668 3659 dierum
684 3614 752 3673 qratia
765 3610 892 3675 fisuebntm
923 3613 1066 3661 madmodum
1075 3612 1141 3673 olim,
1152 3612 1254 3673 negando
1263 3611 1433 3674 auctoritatam,

382 3626 892 3741 imperiumsffliusinterreginsiffionytio
921 3674 1012 3723 irritum
1023 3678 1117 3726 elileers
1134 3678 1195 3739 quod
1211 3676 1309 3739 populus
1321 3676 1433 3743 jumen.

382 3738 510 3787 creditum:
527 3738 599 3787 totius
609 3740 718 3804 decuria,
733 3742 752 3789 si
768 3740 891 3799 Plutarcho
921 3739 975 3788 th.
986 3740 1045 3789 infra
1056 3756 1113 3795 vut-
1126 3744 1162 3791 12.
1174 3753 1199 3789 et
1209 3752 1249 3789 xi.
1266 3744 1309 3791 28.
1329 3742 1371 3791 Da
1384 3744 1431 3792 bot

383 3801 503 3851 inNuma.
535 3802 646 3853 Ceterum
662 3804 835 3883 Dimpuiilidas
847 3820 889 3869 po-
920 3802 1127 3859 loeoiuaedinerit
1135 3802 1326 3863 extuanti.
1334 3806 1432 3857 Obstru

380 3868 889 3931 tiorbabendaesashaoinravrdetunqmm
921 3870 991 3919 ean

379 3945 465 3995 postea.
483 3934 590 3999 quamdiu
601 3932 722 3995 interregis
732 3932 855 3996 imperium
865 3945 890 3983 et
953 3933 976 3967 ¹⁰
992 3932 1248 3997 hamaran]
1266 3932 1351 3985 l’lasita
1362 3920 1433 4011 ipsius

380 3996 619 4076 amieninropnblier
628 4000 685 4057 fult,
693 4013 782 4063 semper
793 3996 890 4061 quilibet
921 3999 1090 4075 madentium,
1115 4012 1139 4048 er
1165 4010 1251 4049 asem
1276 4013 1431 4065 sequentium.

745 4191 883 4321 perdurent.⁴
953 4254 1432 4327 lldiesuna]Sieplsriqmseriptias

389 4365 391 4371 ,
719 4324 774 4393 orl·
848 4318 883 4335 ⁰'
949 4321 1432 4391 dqmedirizduotamsnersgiirendd.

381 4393 396 4451 u
446 4387 891 4455 quaummmmwiadqm,
920 4386 1433 4451 qusmqmmlertiouemliigtuiusia

384 4456 476 4519 “W
491 4460 518 4497 ac
534 4445 605 4497 robur
620 4448 702 4515 abm
718 4466 790 4515 qurum
809 4450 891 4502 Patras
916 4452 1169 4503 mntsatunriramisit.
1338 4476 1345 4485 ·
