3175 5200
353 388 413 442 200
781 378 865 440 TITI
885 376 986 439 mvn

189 546 448 627 U.C.305.‘'quam
475 544 631 628 quisquam
648 522 734 602 ¹unus
761 542 949 603 ⁴recusare⁰
975 542 1120 622 auderet,
1149 542 1183 605 P.
1203 542 1406 624 Numitorius,

187 619 219 669 A.
231 618 327 673 c.4l7.
356 632 468 715 puelle!
484 631 647 696 avunculus
659 638 684 706 Ρ,
709 638 740 689 et
755 646 894 710 sponsus
908 626 1010 690 Icilius
1029 631 1249 694 interveniunt.
1273 633 1407 715 dataque

357 719 438 781 inter
463 719 581 780 turbam
607 714 668 791 via,
709 732 802 794 quum
834 713 1000 777 multitudo
1031 714 1109 778 leilii
1144 719 1279 780 maxime
1309 720 1406 782 inter·

355 818 448 868 ventu
472 800 569 865 resisti
596 812 686 883 posse
706 799 809 883 Appio
831 800 971 864 crederet
992 801 1096 864 lictorr
1110 803 1121 837 ‘
1135 803 1314 866 decresse's
1340 808 1406 872 ait:

177 900 248 951 ¹lollii
257 918 315 954 con.
354 890 632 969 vociferantemque
651 885 778 948 ¹Icilium
803 887 991 953 submovete.
1005 910 1021 920 ¹·
1034 886 1193 951 Placidum
1215 911 1336 974 quoque
1355 895 1406 955 in-

186 968 263 1079 :1³4⁰
273 984 326 1021 Μ
354 977 476 1059 genium
492 987 557 1037 tam
574 985 663 1035 atrox
678 971 790 1055 injurie
805 974 1006 1055 accendisset.
1043 973 1162 1039 ‘Ferro
1175 977 1249 1039 hinc
1263 979 1405 1041 tibi-aub-

208 1047 271 1098 PP¹⁰=
354 1064 366 1097 ‘
380 1061 546 1123 movendus
558 1080 636 1139 sum,
647 1057 751 1143 Appi‚’
761 1060 872 1142 inquit,
888 1061 966 1123 “ut
973 1061 1104 1123 tacitum
1115 1063 1205 1142 ieras,
1218 1066 1299 1146 quod
1310 1066 1403 1127 celari

354 1148 369 1202 ‘-
379 1149 433 1210 vis.
466 1144 635 1231 ¹Virginem
650 1166 708 1229 ego
720 1146 801 1209 bane
815 1168 883 1209 sum
895 1147 1050 1227 ducturus,
1062 1160 1190 1232 nuptam
1197 1151 1403 1234 pudicamque

353 1235 548 1299 ‘habiturus
572 1232 704 1297 Proinde
724 1254 830 1297 omnes
849 1233 1033 1317 collegamm
1054 1255 1173 1317 quoque
1188 1236 1311 1299 lictores
1325 1258 1403 1300 con·

353 1322 365 1357 ‘
379 1342 466 1401 voca,
481 1320 617 1405 expediri
626 1321 726 1403 virgas
738 1333 770 1383 et
782 1340 902 1384 secures
910 1318 1000 1402 jube:
1016 1342 1079 1383 non
1094 1323 1232 1385 manebit
1242 1335 1332 1387 extra
1344 1324 1403 1386 do·

353 1409 463 1471 ‘mum
477 1408 572 1493 patris
588 1429 700 1491 sponsa
717 1405 807 1470 Icilii.
833 1405 917 1487 Non,
935 1407 977 1468 εἰ*
996 1408 1196 1471 tribunicium
1211 1411 1356 1472 auxilium
1371 1422 1405 1473 et

353 1496 365 1529 ‘
378 1496 638 1579 provocationem,
653 1494 734 1578 plebi
750 1491 898 1557 Romanae
911 1494 1003 1555 duas·
1019 1516 1105 1558 arces
1114 1496 1263 1559 libertatis
1271 1498 1404 1576 tuende,

354 1582 554 1645 ‘ademistis'
573 1582 643 1643 ideo
659 1582 690 1643 in
711 1581 822 1643 liberos
837 1601 958 1663 quoque
973 1593 1095 1645 nostros
1111 1580 1318 1665 conjugesque
1334 1605 1402 1666 reg-

354 1669 453 1732 ‘num
469 1679 573 1731 vestrae
584 1667 703 1730 libidini
716 1669 822 1730 datum
843 1681 901 1731 est.
935 1666 1045 1731 Saevite
1066 1670 1098 1730 in
1116 1680 1236 1751 tergum
1248 1681 1280 1732 et
1292 1671 1323 1731 iu
1335 1692 1403 1733 eer-

354 1755 461 1819 ‘vices
481 1767 611 1835 nostras,
632 1754 782 1839 pudicitia
802 1754 926 1817 saltem
940 1755 972 1817 iu
994 1766 1063 1816 tuto
1087 1756 1136 1816 sit.
1190 1754 1274 1817 Huic
1304 1758 1330 1817 si
1355 1757 1401 1817 vis

352 1843 542 1921 ‘adsensun
557 1842 615 1925 egb
630 1842 825 1925 praesentium
844 1841 1008 1912 Quiritium
1032 1863 1088 1924 pro
1106 1861 1228 1923 sponsa,-
1244 1840 1400 1923 Virginius

353 1930 365 1961 ‘
378 1929 511 1991 militum
526 1949 582 2011 pro
597 1930 689 1990 unica
700 1928 773 2007 filia,
794 1949 902 1991 omnes
916 1926 1051 1991 Deorum
1067 1929 1286 2010 bominumque
1299 1929 1400 2011 inplo-

353 2015 364 2049 ‘
379 2016 513 2077 rabimus
528 2015 631 2077 fidem.
645 2018 657 2056 ⁶
668 2034 765 2096 neque
777 2026 812 2077 tu
823 2015 907 2078 istud
918 2035 1062 2097 umquam
1074 2015 1230 2078 decretum
1241 2015 1306 2077 sine
1318 2014 1401 2077 caede

339 2102 364 2143 ·‘
378 2112 482 2164 nostra
497 2101 619 2165 referes.
650 2098 785 2180 Postulo,
797 2099 890 2187 Appi,
902 2102 996 2166 etiam
1008 2114 1101 2184 atque
1112 2102 1207 2164 etiam
1216 2101 1401 2180 consideres,

352 2187 364 2222 ‘
379 2208 439 2269 quo
453 2188 659 2272 progrediere.
690 2185 849 2270 Virginius
859 2188 979 2268 viderit,
989 2188 1027 2251 de
1036 2188 1110 2268 lilia,
1124 2188 1176 2250 ubi
1188 2189 1317 2266 venerit,
1328 2187 1403 2269 quid

353 2276 462 2357 ‘agat
493 2274 578 2337 'Hoc
594 2287 715 2338 tantum
731 2278 819 2353 sciat,
840 2275 910 2354 sibi,
929 2276 977 2336 ⁷si
998 2274 1089 2357 hujus
1108 2274 1250 2336 vindiciis
1265 2274 1419 2353 cesserit,-

352 2360 363 2395 ‘
379 2362 587 2424 conditionem
598 2362 667 2425 liliae
676 2363 868 2444 quaerendam
879 2383 955 2424 esse.
967 2384 1028 2441 me,
1039 2360 1247 2423 vindicantem
1257 2381 1401 2444 sponsam
1511 2396 1515 2401 -

352 2446 384 2509 in
399 2448 662 2526 libertatem,‚vita
676 2450 766 2511 citius
782 2450 911 2527 deseret,
926 2468 1018 2530 quam
1034 2448 1120 2510 fides.

394 2530 507 2596 XLVI.
545 2532 708 2596 concitata
737 2534 903 2596 multitudo
934 2545 1009 2615 erat,
1041 2545 1257 2616 certamenque
1287 2534 1401 2597 instare

350 2621 521 2683 videbatur.
546 2619 668 2682 lictores
693 2616 813 2680 Icilium
843 2621 1128 2684 circumsteterant:
1151 2642 1210 2682 nec
1235 2620 1316 2682 ultra
1341 2623 1400 2683 mi-

281 2751 284 2756 ·
351 2727 406 2769 nas
421 2717 524 2768 temen
542 2726 718 2789 processum
733 2721 790 2768 cst.
821 2705 938 2776 *Quum
957 2705 1086 2788 Appius,
1105 2703 1198 2768 ‘Non
1213 2704 1400 2787 Virgininm‘

350 2793 362 2826 ‘
378 2793 500 2855 defendi
510 2792 1398 2874 ablcilio,sedinquietumhominem,ettribunatumetiam

316 2920 321 2938 .
351 2879 457 2941 inune
464 2880 764 2962 spirantem,⁸locurn
771 2879 931 2942 seditionis
938 2877 1090 2960 quaerere,'
1098 2879 1228 2957 diceret,
1238 2879 1397 2963 ‘oonpre-

351 2965 362 3000 ‘
377 2966 508 3028 bitruum
518 2987 550 3028 se
559 2966 603 3029 illi
611 2988 647 3029 eo
658 2967 706 3029 die
716 2966 891 3028 materiam:
904 2967 959 3027 sed
968 2978 1003 3027 ut
1007 2964 1074 3047 jam
1084 2965 1184 3043 sciret,
1196 2987 1259 3027 non
1267 2966 1300 3029 id
1308 2977 1398 3050 petu-

350 3051 478 3114 ‘lantiae
493 3074 563 3132 suae,
582 3053 637 3116 sed
655 3051 797 3135 Virginio
814 3053 933 3115 absenti
954 3064 986 3114 et
1005 3053 1104 3134 patrio
1122 3053 1239 3114 nomini
1259 3063 1291 3115 et
1309 3054 1399 3116 liber-

351 3138 624 3222 ‘'tuti,datum,jue
635 3161 672 3201 eo
683 3140 731 3201 die
741 3159 774 3200 se
784 3160 846 3201 non
856 3138 1020 3217 dicturum,
1030 3159 1128 3220 neque
1137 3140 1295 3202 de‘c'retum
1304 3141 1399 3203 inter-

351 3227 362 3260 ‘
377 3226 562 3308 positurum:
583 3248 604 3306 a
617 3225 665 3288 M
677 3225 807 3288 Claudio
825 3226 1003 3307 petiturum,
1024 3237 1059 3288 ut
1077 3225 1245 3290 decederet·
1249 3226 1319 3308 jure
1334 3248 1398 3305 suo,

350 3314 362 3346 ‘
375 3313 583 3395 vindicarique
594 3312 726 3397 puellam
738 3313 770 3374 in
786 3323 942 3394 posterum
957 3312 1039 3372 diem
1050 3324 1215 3397 pateretur.
1229 3313 1328 3384 Quod
1340 3315 1398 3376 nisi

349 3400 360 3432 ‘
398 3411 463 3460 ater
473 3413 597 3482 postero
609 3401 660 3462 die
672 3399 831 3477 adfuisset,
842 3399 1028 3473 denunciare
1043 3419 1076 3460 se
1091 3398 1179 3461 Icilio
1191 3400 1399 3481 similibusque

348 3485 360 3582 ξ
376 3419 467 3564 lollii,
478 3489 490 3526 ⁹
501 3505 598 3566 neque
609 3485 670 3566 legi
682 3505 741 3546 suae
752 3486 893 3563 latorem,
903 3505 1001 3566 neque
1011 3484 1184 3549 decemviro
1192 3488 1396 3548 constantiam

381 3614 521 3663 muniere
531 3612 593 3678 Rup.
625 3614 859 3665 edecument.
911 3613 1253 3665 emorousae-orbam.
1272 3616 1329 3663 Cam
1337 3617 1396 3678 plne.

344 3677 501 3734 MS.Veitb.
534 3695 541 3700 ’
574 3679 647 3740 ‘pria
659 3678 714 3728 MS.
727 3681 811 3730 Veitb.
889 3681 1234 3744 'dumqroearoerdtndenieti
1248 3680 1396 3742 MS.Veitb.

348 3745 474 3827 'amiam
490 3744 545 3794 Ms-
553 3741 634 3793 veibhe
722 3753 732 3780 'i
849 3768 853 3776 ⁹
1186 3773 1191 3782 .

345 3837 349 3846 ’
379 3837 642 3912 ⁴Rec'urere10uidam
653 3845 857 3913 admercia-
889 3847 922 3895 dii
939 3850 1064 3899 memorie.
1095 3847 1205 3896 Vradleile.
1232 3845 1282 3896 llic
1297 3844 1397 3894 vindicio
1455 3888 1459 3897 .

346 3927 429 3976 panue,
438 3911 565 3978 retlrmqre:
678 3975 679 3978 Ἴ
889 3914 949 3962 turni
959 3917 1066 3963 videntur
1084 3927 1125 3976 pro
1143 3909 1293 3975 actioneque
1310 3911 1397 3976 petitur

381 3979 391 4012 ⁵
412 3977 443 4027 Ut
452 3981 544 4028 tacitam
546 3977 623 4045 sous]
643 3978 679 4028 Ut
689 3993 730 4043 per
739 3977 858 4027 silentium
890 3979 1009 4042 pomereio,
1020 3993 1068 4026 non
1078 3994 1119 4042 pro
1128 3979 1269 4040 possessione
1281 3978 1334 4040 ipen.

349 4057 375 4091 ac
396 4037 489 4094 nemine
512 4043 653 4095 reclamante
675 4058 814 4107 consequare
836 4043 859 4106 id
923 4040 1035 4090 erocum
1057 4045 1164 4091 deiceris
1184 4041 1290 4108 querere]
1312 4037 1396 4103 Nobis,

349 4109 409 4168 quod
421 4109 540 4160 telerivir.
570 4109 685 4160 intuor.
697 4109 724 4158 ad
736 4109 803 4158 abl.
815 4106 858 4156 l.1.
890 4117 917 4154 ut
937 4117 961 4156 et
974 4107 1099 4166 Gronouio,
1116 4109 1188 4170 magis
1199 4107 1318 4156 lirinmm
1333 4106 1397 4174 ride·

381 4168 858 4236 ⁶⁸Nequetuleud...decreoun...
886 4173 1105 4225 reruredio'mn’..

348 4230 438 4300 reseres]
462 4235 566 4288 Verbum
592 4239 671 4306 rq'eree
701 4239 741 4288 bie
768 4239 859 4287 videtur
902 4239 933 4274 ⁴⁹
949 4235 1027 4300 Neque
1041 4240 1084 4304 legi
1100 4253 1145 4287 σιω
1158 4233 1398 4302 ἱαωταιι...ἀᾳ’στι]

350 4298 433 4346 eodem
450 4299 500 4350 fere
516 4317 586 4353 eeneu
600 4314 745 4370 murpetum,
762 4319 857 4368 quoru·
890 4301 930 4364 Se,
958 4303 998 4364 qui
1024 4304 1115 4352 redieret
1140 4302 1205 4351 illam
1231 4303 1316 4365 legem,
1347 4316 1398 4350 earn
1471 4305 1474 4308 ’

392 4361 427 4411 'ue
450 4362 537 4414 dictum
558 4380 601 4427 eet,
620 4381 647 4420 at
672 4372 765 4418 tacitum
784 4368 858 4434 serae.
888 4381 971 4431 nempe
989 4367 1071 4432 ipsam,
1091 4384 1161 4432 quam
1180 4368 1329 4431 pecuniosi
1350 4382 1399 4414 rnre

377 4441 436 4490 eque
451 4428 514 4478 tuid
530 4446 658 4496 nequem,
676 4435 736 4498 quod
755 4434 800 4484 hoc
817 4435 858 4483 ele·
888 4433 990 4481 &veneti
1012 4433 1123 4495 virginiae
1151 4433 1333 4498 pertendebant,
1357 4431 1398 4479 dr·

319 4503 322 4508 ’
349 4491 567 4558 eretojubeernnn
576 4497 729 4549 efficieeutid
738 4499 856 4550 decretum
888 4509 967 4547 turum
983 4514 1075 4564 operam
1086 4510 1115 4549 ut
1126 4499 1148 4549 ei
1158 4509 1297 4564 parereture
1316 4496 1402 4546 concie

350 4556 423 4608 velen
434 4569 458 4608 et
469 4571 544 4610 neum
555 4561 639 4614 hebent
650 4563 768 4616 mutum.
886 4563 943 4615 lieet
954 4561 1168 4629 nodolntelleccn,
1187 4579 1235 4632 qno
1250 4561 1314 4622 illan
1324 4561 1398 4616 inter·

353 4622 855 4698 ,Wil‘v'lwbdisiitllbomlbffiu
886 4629 1082 4697 permulceret.
1253 4632 1257 4636 “
