3175 5200
507 332 654 397 mant
674 333 852 399 canunt
1161 341 1223 411 Itur

172 492 368 559 ‘receaaione
381 503 697 573 mouermm,armata
710 490 838 555 veniat?
862 488 1023 553 Oceanum
1035 487 1120 553 urbia
1130 488 1221 555 naida
1233 496 1267 547 υ.
1277 496 1374 551 «λιιι.

173 582 184 616 ‘
199 582 285 647 linire
302 579 486 665 imperium?
513 579 608 662 Atqui
620 590 675 643 aut
710 578 776 641 leba
790 599 812 640 n
833 597 854 640 ιι
869 589 917 639 eat
927 578 1080 658 habenda,
1094 589 1149 641 aut
1163 579 1220 643 ha·
1232 564 1265 615 A.
1275 562 1371 619 0⁴⁴⁷·

173 668 291 735 ‘bandi
305 680 376 731 eunt
396 667 510 731 tribuni
525 668 632 750 plebia.
697 686 731 729 oa
757 597 849 728 cimba
875 665 1061 727 caruerimus
1082 666 1220 747 patriciis

174 755 184 788 ‘
199 755 438 841 magistratibus,
449 775 540 837 quarn
553 754 597 817 illi
606 750 743 837 plebeiis.
757 750 880 814 Nouem
890 751 1140 833 inexpertamque
1150 773 1219 815 eam

174 843 184 875 ‘
200 854 386 927 potestatem
398 841 535 925 eripuere
550 841 688 923 patribus
714 839 839 917 nostrie,
854 840 881 877 ⁸³
896 858 937 901 ne
950 858 1044 916 nunc,
1058 838 1219 901 dulcedine

83 995 89 1017 ,
174 928 291 993 ‘semel
307 930 401 1011 capti,
415 928 516 993 ferant
531 928 724 999 desiderium.
747 929 773 967 ³⁴
786 945 881 1007 quum
899 924 1068 1007 praesertim
1093 945 1150 988 nec
1164 946 1220 989 nor

173 1013 398 1100 ‘temperemur
410 1015 555 1099 imperiis,
571 1014 747 1097 quominus
773 1011 819 1094 illi
837 1011 942 1075 auxilii
957 1009 1089 1093 egeant?
1119 1011 1220 1081 Quum
1297 1013 1300 1018 ’

173 1096 1220 1186 haecexomnipartejaetarentut,victiconaenaudeeemviri,lutume

172 1209 214 1268 se,
235 1191 358 1273 quando
382 1191 426 1255 itu
440 1189 589 1266 videatur,
609 1189 642 1249 in
656 1195 809 1269 potestate
824 1183 951 1249 Patrum
963 1184 1139 1249 adfirmant.
1183 1183 1221 1249 Id

172 1278 266 1343 modo
292 1276 382 1342 simul
419 1286 509 1339 oront
538 1284 739 1351 comunem,
777 1282 813 1335 ut
848 1272 922 1355 ipris
956 1271 997 1335 ab
1024 1270 1139 1335 Invidia
1167 1292 1219 1335 ca·

170 1375 297 1428 vernn:
334 1382 392 1427 nec
429 1382 484 1425 auo
513 1361 660 1443 sanguitte
697 1360 738 1424 ad
773 1358 924 1443 supplicia
945 1356 1070 1421 Petrum
1099 1358 1220 1442 piebem

173 1448 392 1513 adsuefaciunt.
462 1490 467 1501 -

215 1534 300 1599 LIII.
321 1532 403 1599 Turn
418 1530 555 1599 Valerius
577 1530 795 1615 Horatiusque,
825 1532 911 1595 miaai
937 1532 978 1596 ad
1000 1532 1119 1616 plebem
1143 1542 1370 1596 eon-vantium

172 1622 349 1701 ditionibus,
375 1622 483 1704 quibus
502 1621 664 1701 videretur,
694 1620 909 1698 revocandam,
931 1618 1218 1702 componendasque
1230 1608 1345 1723 llffiffi

172 1728 232 1788 rea,
248 1709 426 1773 decemviris
438 1726 558 1791 quoque
579 1706 629 1771 ab'
643 1707 689 1769 ira
713 1718 746 1771 et
763 1707 871 1790 inpetu
884 1706 1089 1769 multitudinis
1103 1727 1218 1790 praeca·
1229 1676 1319 1791 ἕως,
1330 1691 1368 1727 ¹⁶⁸

170 1816 240 1857 vere
255 1795 412 1879 jubentur.
445 1794 577 1859 Profecti
602 1794 715 1877 gaudio
731 1793 850 1876 ingenti
869 1791 967 1876 plebia
991 1793 1025 1857 in
1044 1806 1147 1858 eastra
1163 1814 1217 1857 ac·

171 1882 347 1965 cipiuntur;
371 1882 482 1965 quippe
508 1882 686 1955 liberatores
711 1880 906 1947 hauddubie
932 1892 965 1943 et
993 1893 1095 1947 motus
1119 1880 1219 1959 initio,

171 1980 204 2033 et
224 1970 309 2033 exitu
335 1968 389 2034 rei.
432 1966 482 2032 Ob
504 1968 593 2031 heca
609 1968 839 2033 advenientibus
863 1965 971 2051 gratia
986 1979 1073 2033 acta.
1117 1965 1220 2030 Iciliua

170 2078 227 2139 pro
243 2054 544 2121 multitudinererbe
564 2054 650 2119 lacit.
688 2053 786 2134 Idem,
802 2073 896 2138 quum
923 2054 963 2117 da
992 2054 1220 2119 conditionibus

171 2156 323 2225 ageretur,
343 2143 546 2225 querentibus
568 2142 689 2225 legatie,
709 2162 776 2225 quae
802 2141 958 2225 postulata
982 2142 1081 2225 plebia
1106 2151 1219 2217 errent,

171 2230 343 2313 composito
362 2228 428 2311 jam
444 2240 517 2293 ante
534 2228 698 2293 adventurn
713 2230 886 2312 legatomm
901 2228 1039 2307 coneilio,
1062 2248 1101 2291 ea
1114 2240 1222 2312 pontu·

172 2314 256 2395 lavit,
271 2328 306 2381 ut
320 2317 493 2400 adpareret,
517 2316 712 2399 inaequitate
733 2316 928 2399 rerumplua,
953 2336 1047 2399 quam
1062 2316 1094 2378 in
1118 2315 1222 2393 armis,
1292 2375 1297 2381 .

171 2403 278 2485 reponi
294 2404 370 2486 rpei.
413 2402 604 2471 Potestatem
619 2404 702 2489 enim
724 2404 932 2482 tribuniciam,
953 2402 1221 2485 provocationem·

171 2508 229 2570 que
268 2492 460 2573 repetebant,
497 2510 564 2572 quae
605 2502 678 2553 ante
714 2490 903 2553 decemviros
943 2501 1063 2552 creator
1107 2487 1223 2551 auxilia

168 2576 267 2660 plebia
299 2576 429 2658 fuerant,
466 2588 500 2642 et
530 2584 568 2640 ne
600 2577 648 2642 cui
683 2575 782 2640 fraudi
812 2588 904 2655 earet,
931 2576 1069 2641 concisae
1105 2574 1220 2640 milites

170 2676 224 2726 aut
252 2664 372 2748 plebem
406 2664 447 2728 ed
487 2664 684 2748 repetendam
714 2685 770 2746 per
801 2663 1004 2729 mersionem
1036 2662 1221 2728 libertatem.

167 2747 217 2814 De
246 2750 486 2816 decemvirorum
524 2751 619 2815 modo
648 2749 801 2836 supplicio
826 2762 918 2816 atrox
939 2750 1129 2834 postulatum
1151 2747 1220 2811 fuit.

167 2834 247 2901 Dedi
259 2838 371 2922 quippe
396 2860 449 2902 eor
474 2857 593 2920 aequum
608 2838 787 2917 censebant,
803 2837 946 2921 vivosque
960 2837 1024 2920 igni
1040 2855 1221 2901 concrema·

168 2935 251 2988 tuoe
276 2925 481 2990 minabantur.
505 2921 616 3008 Legati
641 2925 682 2990 ad
709 2945 769 2988 eat
797 2928 825 2965 ³⁶
840 2926 851 2958 ‘
866 2922 942 2997 Qua
956 2924 1075 2989 concilii
1089 2923 1221 2999 brenam,

168 3009 179 3043 ‘
195 3010 273 3074 adeo
282 3033 367 3094 aequa
378 3011 566 3096 postulantia,
580 3025 616 3076 ut
623 3013 706 3076 ultro
716 3010 803 3077 robis
816 3011 982 3075 deferenda
995 3011 1119 3074 iruerint.
1129 3009 1222 3071 liber-

169 3093 180 3127 ‘
195 3097 253 3158 tati
275 3097 358 3163 enim
373 3119 411 3160 ea
425 3099 567 3182 praeaidia
579 3099 697 3180 petitis,
713 3118 777 3160 uon
792 3097 925 3164 licentiae
951 3098 992 3161 ad
1005 3094 1223 3179 inpugnandor

170 3180 281 3244 ‘alioa
316 3181 372 3246 Ire
392 3195 500 3246 restrae
514 3185 613 3264 magia
633 3183 866 3264 ignoscendum,
886 3204 978 3265 qnam
1002 3179 1222 3262 indulgendum

169 3267 254 3330 ‘eat
276 3267 389 3352 quippe
413 3270 465 3349 qui
492 3269 683 3330 crudelitatis
697 3269 770 3332 odio
792 3269 1059 3332 incrudelitatem
1078 3267 1176 3343 mitia,
1191 3275 1224 3327 et

170 3352 1223 3524 2ntannuitttnttttrtutttttuttttut

289 3486 298 3504 ·
1142 3485 1153 3520 ι

454 3631 465 3660 ,
502 3563 505 3568 ’
555 3589 834 3642 cruentantem.

167 3715 217 3765 ant,
236 3704 335 3754 rtimiurn
357 3706 480 3770 patienter.
524 3703 617 3756 Etenim
640 3707 678 3757 illa
743 3705 765 3742 ³⁴
784 3706 799 3736 ⁸
817 3703 893 3760 erra
929 3701 1048 3770 presertim
1090 3722 1130 3755 aare
1170 3702 1220 3766 aar]
1319 3736 1322 3748 .

168 3772 367 3845 impedituram
381 3781 407 3820 at
421 3772 540 3822 obtuta:
559 3784 679 3824 nectatur
712 3771 934 3837 Θιιιιιιιριιιιηιίιιι
949 3786 992 3822 nor
1007 3787 1100 3836 qumque
1118 3783 1166 3821 naa
1180 3771 1222 3817 de·

120 3893 136 3912 ⁶
167 3847 218 3886 aare
229 3838 341 3887 dabuar'at
351 3837 463 3886 librarum
474 3837 615 3902 sigoniiqui
625 3855 679 3904 per·
710 3854 763 3888 mua
794 3853 896 3902 apuam,
932 3839 1062 3888 amende
1103 3836 1222 3887 moderata
1317 3839 1328 3861 ⁶

166 3903 456 3966 npemrlanutoeluiaa
464 3905 680 3969 deprehenduntur,
712 3904 815 3970 imperia,
838 3916 866 3954 ra
884 3903 919 3952 'alli
938 3906 1017 3954 ariana
1035 3913 1121 3965 egunt
1137 3899 1224 3951 auxillo

167 3970 299 4029 aaatotitar,
318 3981 345 4018 ut
364 3969 445 4018 lauet
460 3985 514 4020 caru
530 3987 612 4020 terrm
630 3973 677 4022 dir·
709 3968 864 4020 ramma.
1043 3967 1046 3974 '

166 4035 251 4098 prndio
267 4035 473 4100 obtemperaretur.
507 4036 534 4084 Si
551 4038 634 4101 quibua
653 4039 677 4087 iu
741 4037 765 4074 ³⁵
781 4035 866 4090 Ὠιι
881 4035 966 4089 mailli
983 4029 1222 4099 suturarum-Iro

166 4099 283 4150 libna-illa
302 4102 414 4165 particula
429 4103 474 4154 boc
487 4101 539 4151 laco
556 4104 679 4167 reperitur,
709 4101 794 4166 reum]
810 4102 859 4162 Ira,
875 4114 903 4151 ut
918 4102 1024 4150 oherrat
1034 4099 1171 4163 Cleempro
1180 4097 1220 4174 bl.

166 4165 257 4214 uidetur
278 4179 331 4247 nata
352 4183 383 4217 aa
399 4169 516 4217 vicinitate
533 4171 596 4219 rocir
612 4165 676 4233 qaid,
709 4168 786 4218 um.
804 4170 865 4221 aa.
883 4177 915 4216 art
933 4168 1023 4236 tainica
1044 4167 1138 4244 caprilia
1170 4163 1218 4241 lst-

167 4243 400 4359 ffiffilffdm.
421 4299 459 4349 an
473 4299 676 4365 mucleto.
709 4232 1218 4375 fflffiffiss'ffiiuss

164 4359 369 4426 adempte.
392 4365 567 4416 Memmbil
586 4369 677 4418 utam
708 4365 848 4427 poetulutir,
867 4381 895 4414 aa
914 4365 1043 4429 quma
1062 4372 1125 4412 nunt.
1164 4359 1220 4409 ato
1264 4382 1270 4389 ·

164 4427 625 4502 nampio-uarum
648 4447 677 4484 aa
708 4428 1219 4508 rubumqua'aaiaeitaatapa·

164 4503 315 4546 mm
707 4505 766 4548 fill.
