3175 5200
420 381 424 386 '
479 395 935 497 numerantium,
1084 446 1087 453 .
1149 405 1207 462 aa

118 617 128 642 ι
164 567 222 612 nec
243 547 414 614 uniramarn
428 549 467 614 ab
479 571 520 614 ee
533 567 621 636 parte
643 554 752 616 avertit
773 554 881 616 aciem·
925 549 962 614 ln
976 571 1015 615 eo
1031 571 1127 615 cornu
1141 571 1204 616 non
1217 567 1250 620 n.
1260 566 1290 618 c.
1300 568 1358 620 tro.

165 633 307 700 Poetelius
322 637 414 715 solita,
438 638 492 700 sed
504 636 655 722 Sulpicius
675 642 778 717 etiam,
794 641 933 702 hortator
948 638 1096 718 adsuerat,
1113 657 1203 701 avec·
1214 634 1248 686 A.
1258 633 1288 686 ⁰·
1297 633 1355 686 ³12.

164 733 214 784 tus
228 724 268 785 ab
280 725 349 786 ¹suis
368 724 504 788 nondum
520 727 754 790 conserentibus
774 743 883 788 manns
905 725 945 786 ad
965 723 1142 802 clamorem,
1163 726 1203 788 ab

164 807 286 874 sinistra
300 821 386 892 porte
409 811 493 892 priua
517 823 668 875 exortum.
689 813 780 889 unde,
803 811 886 873 baud
906 810 1028 872 dubiam
1043 811 1202 874 victoriam

163 905 300 974 cernens,
316 915 410 977 quum
430 895 471 960 ad
492 916 581 959 sunm
604 919 700 961 cornu
722 897 862 960 tenderet
879 917 954 958 cum
964 896 1049 958 mille
1064 897 1202 960 dneeut'n

163 979 243 1059 viris,
265 982 442 1045 dissimilem
464 983 504 1044 ibi
529 983 682 1048 fortunam
704 983 834 1046 invenit:
863 981 1019 1045 Romanos
1042 983 1111 1045 looo
1133 983 1202 1064 pul·-

163 1085 235 1143 sos,
245 1068 394 1130 victorem
416 1069 535 1132 hostem
555 1071 643 1152 signa
657 1071 689 1132 in
704 1070 860 1152 perculsos
874 1069 1066 1131 inferentem.
1110 1067 1203 1131 Cete-

163 1171 230 1215 rum
254 1154 372 1216 omnia·
381 1155 510 1218 mutavit
528 1167 654 1239 repente
673 1154 807 1218 consulis
822 1155 979 1217 adventus.
993 1173 1065 1216 nam
1080 1165 1114 1218 et
1126 1175 1201 1217 eon-

163 1239 380 1320 spectuducis
398 1241 528 1303 relectus
543 1241 674 1304 militum
697 1253 745 1304 est
762 1241 902 1302 animus:
925 1251 968 1319 et,
989 1239 1089 1323 nrajns
1111 1259 1203 1321 quam

163 1342 219 1404 pro
240 1345 367 1388 numero
390 1327 548 1404 auxilium,
572 1327 809 1390 ¹·adveuerantr
830 1326 925 1389 fortas
945 1326 1022 1388 viri:
1054 1338 1089 1388 et
1108 1324 1203 1409 partis

163 1409 288 1474 alterius
308 1411 436 1474 victoria
450 1412 573 1491 audita,
595 1433 669 1474 mox
689 1413 754 1474 visa
775 1413 882 1490 etiam,
896 1412 1039 1494 proelium
1061 1413 1203 1474 restituit.

162 1493 246 1559 Tota
266 1495 461 1581 deindevjam
483 1499 602 1562 vincere
624 1499 689 1561 acie
712 1497 881 1575 Romanus,
903 1508 946 1574 et,
968 1498 1082 1560 omisso
1103 1495 1316 1576 certa-Vm}

162 1581 255 1660 mine,
277 1583 352 1646 caedi
374 1583 504 1666 capique
526 1581 699 1662 Samnitem
733 1583 790 1646 nisi
822 1585 875 1664 qui
905 1581 1127 1662 Maleventum,
1152 1586 1202 1646 cui
1214 1560 1323 1614 Rome

162 1685 244 1730 nunc
266 1669 332 1731 urbi
354 1666 561 1734 Beneventum
578 1689 695 1733 nomen
728 1678 784 1746 est,
817 1668 1026 1751 perfugerant.
1072 1669 1124 1731 Ad
1145 1669 1202 1730 tri·

162 1753 250 1832 ginta
270 1753 365 1816 millia
386 1776 464 1818 ωε
484 1766 539 1817 sut
568 1765 661 1838 capta
688 1753 884 1833 Samnitium,
905 1753 1063 1838 proditum
1083 1775 1202 1819 memo·

163 1837 213 1900 ria
227 1850 290 1904 est..
342 1849 345 1856 '
377 1871 381 1880 ·

203 1923 352 1989 XXVlll.
374 1925 531 2008 Consules,
558 1927 681 2010 egregia
702 1927 832 1990 victoria
853 1937 953 2010 parta,
976 1927 1114 2010 protinus
1123 1927 1201 1990 inde

163 2010 391 2076 annonarum
413 2014 662 2098 obpugnandum·
683 2013 820 2095 legiones
851 2014 985 2074 ducunt:
1019 2013 1122 2094 ibique
1149 2013 1200 2073 hi-

161 2097 255 2162 berna
278 2111 416 2180 egerunt,
438 2101 536 2162 donee
562 2100 601 2162 ab
627 2099 720 2161 novis·
735 2098 911 2161 consulibus
934 2097 969 2159 1..
984 2097 1106 2180 Papirio
1120 2096 1245 2168 Cur-v,
1256 2119 1352 2185 0441,

161 2185 227 2246 sore
243 2185 394 2265 quintum,
417 2183 453 2247 C.
466 2185 560 2248 Junio
575 2184 714 2246 Bubulco
729 2185 853 2262 iterum,
874 2185 1049 2248 noudnntus
1067 2184 1359 2274 denatae-{13¹3

162 2267 197 2329 C.
221 2267 364 2332 Poetelius
397 2290 467 2332 cum
497 2269 544 2331 M.
567 2269 669 2332 Foslio
700 2271 847 2352 magistro
873 2269 1007 2351 equitum
1029 2249 1361 2366 ⁰¹²¹⁰lffl¹¹¹ii¹d¹iile

26 2383 28 2404 ι
161 2355 292 2437 accepit.
336 2353 377 2435 Is,
392 2375 486 2438 quum
501 2356 637 2419 audisset
650 2376 750 2418 arcem
766 2355 976 2437 Fregellanam
997 2357 1036 2418 ab
1051 2354 1198 2417 Samniti-
1209 2377 1244 2426 11.
1256 2377 1322 2429 c„

161 2439 218 2501 bus
240 2451 372 2524 captam,
394 2443 508 2505 omisso
529 2440 664 2504 Boviano
695 2443 734 2504 ad
761 2439 912 2523 Fregellas
937 2444 1049 2524 pergit.
1072 2445 1097 2480 ¹¹
1107 2441 1199 2520 unde,
1211 2441 1322 2520 Min·

160 2537 310 2590 nocturna
324 2525 519 2592 ‘Samnitium
540 2528 614 2613 luga
632 2529 697 2590 sine
720 2528 885 2590 certamine
899 2529 1029 2611 receptis
1043 2527 1198 2610 Fregellis,
1209 2509 1314 2559 ‘lm'

161 2614 360 2695 presidioque
374 2615 475 2678 valido
490 2616 633 2698 inposito,
649 2616 681 2677 in
701 2613 902 2697 Campmiam
917 2614 1049 2678 reditum
1063 2615 1198 2677 maxime

25 2697 30 2756 ζ
160 2700 199 2761 ad
220 2699 332 2763 Nolam
355 2702 445 2764 armis
467 2702 679 2784 repetendam.
696 2721 734 2763 eo
756 2722 788 2763 se
811 2701 892 2762 intra
913 2701 1036 2779 moenia,
1050 2702 1119 2762 ·sub
1141 2701 1197 2762 ad·

159 2790 282 2873 yentum
298 2788 467 2866 dictatoria,
483 2798 515 2850 et
529 2784 712 2849 Samnitium
734 2786 835 2847 omnis
848 2786 1015 2855 multitudo
1034 2798 1068 2849 et
1080 2784 1195 2849 Nolani

159 2884 293 2955 agrestes
324 2873 525 2937 contulerant.
579 2870 733 2952 Dictator,
764 2872 847 2934 urbis
879 2874 940 2935 situ
962 2874 1196 2955 circunrapeoto,

160 2978 220 3039 quo
236 2960 369 3043 apertior
384 2960 484 3021 aditus
508 2960 548 3020 ad
571 2960 685 3021 moenia
707 2959 916 3035 essetomnia
929 2959 1058 3021 edificia
1073 2957 1119 3037 (et
1133 2958 1195 3020 fra·

160 3055 287 3123 quanter
306 3045 348 3107 ibi
363 3045 568 3123 habitabatur)
595 3041 792 3124 circumjecta
801 3043 905 3104 muris
919 3044 1065 3105 incendit.
1078 3063 1137 3104 nec
1152 3044 1197 3104 ita

159 3129 257 3191 multo
271 3141 352 3213 post,
375 3129 436 3191 aive
459 3150 478 3191 a
500 3127 626 3191 Poetelio
649 3129 810 3204 dictatore,
831 3128 893 3189 sive
907 3129 946 3190 ab
960 3127 997 3190 C.
1010 3127 1105 3190 Junio
1119 3148 1195 3189 con·

159 3214 234 3293 arole,
253 3214 337 3296 (nam
353 3226 515 3295 utrumqne
539 3214 683 3293 traditur)
709 3211 791 3275 Nola
811 3224 859 3275 est
878 3225 978 3295 capta.
998 3236 1005 3247 ’
1022 3213 1082 3284 Qui
1098 3226 1196 3298 captae

25 3323 30 3398 ξ
159 3301 252 3363 decus
272 3299 361 3375 Nolae
383 3302 422 3363 ed
444 3300 600 3363 considam
615 3300 752 3377 trahunt,
769 3296 930 3380 adjiciunt,
944 3298 1071 3361 Atinam
1086 3310 1119 3362 et
1133 3298 1195 3361 Ca·

158 3386 264 3449 latiam
279 3386 441 3451 abeodem
457 3398 580 3468 captas;
604 3385 763 3448 Poetelium
784 3395 898 3463 autem,
919 3386 1094 3468 pestilentia
1116 3382 1196 3464 orta,
1232 3383 1235 3387 ’

25 3497 28 3529 ε
158 3473 234 3533 clavi
257 3472 379 3555 ligendi
393 3494 500 3541 caussa
522 3472 702 3535 dictatorem
716 3472 851 3534 dictum.
895 3468 1007 3534 Suessa
1027 3484 1061 3534 et
1074 3470 1197 3535 'Pontia

158 3558 267 3623 eodem
289 3580 370 3621 enno
392 3559 520 3622 coloniae
543 3558 679 3621 deducta
701 3568 781 3620 sunt.
840 3554 952 3621 Suessa
981 3558 1195 3621 Auruncorum

26 3668 27 3705 ι
158 3642 278 3708 fuerat:
305 3642 408 3707 Volsci
432 3643 566 3723 Pontias,
588 3646 718 3707 insulam
741 3644 886 3707 aitam'in
908 3657 1074 3729 conspeetu
1096 3645 1195 3706 litoris

158 3731 215 3809 sni,
238 3731 438 3794 incoluerant.
460 3743 502 3809 et,
525 3730 701 3795 Interamna
714 3742 747 3793 et
761 3729 908 3794 Casinum
921 3744 957 3794 ut
971 3730 1195 3794 deducerentur

158 3817 294 3897 coloniae,
317 3818 612 3881 senatusconsultum
636 3818 751 3880 iactum
771 3829 828 3879 est.
847 3816 902 3879 sed
922 3818 1093 3879 triumviros
1108 3836 1195 3877 cree-

156 3924 236 3980 vere,
249 3924 285 3967 ac
296 3904 406 3968 misere
420 3904 598 3967 colonorum
619 3916 747 3986 quatuor
761 3903 860 3967 millia
873 3904 1068 3987 insequentes
1082 3920 1195 3965 consu-
1207 3911 1241 3961 U.
1252 3910 1283 3963 c.
1293 3914 1351 3964 ut.

157 3988 201 4051 les
216 3986 262 4054 M.
276 3988 427 4071 Valerius,
442 3988 475 4054 P.
489 3987 612 4069 Decius.
1206 3977 1360 4099 &fv-3212.

336 4192 340 4199 ι
521 4134 832 4188 cammoneas.
1206 4106 1323 4225 {nm

190 4256 212 4291 ¹⁰
234 4254 366 4315 Mamur,
376 4254 449 4320 sortes
468 4252 524 4317 oiri]
551 4251 660 4317 Optimus
691 4262 778 4301 arrone
809 4252 848 4301 Sic
866 4252 927 4300 enlm
947 4250 989 4301 illc
1003 4242 1056 4301 loce
1075 4250 1197 4314 legendnm

158 4318 380 4369 emarecescens
390 4320 661 4379 allegrtm,odoeruraat:
693 4330 742 4365 eme
764 4318 903 4385 monuimus,
924 4328 950 4367 et
970 4318 1086 4367 euentum
1110 4314 1198 4365 corari-

158 4398 247 4432 nnuss
267 4386 357 4442 mab,
372 4392 483 4433 mmet.
510 4382 662 4432 'Alterutrum
693 4396 753 4430 mus.
