3175 5200
366 343 403 397 8‘2
607 336 690 397 ΤΙΤΙ
710 334 811 397 L1v11
829 333 1012 399 EPITOME
1031 336 1108 399 ΜΒ.
1118 338 1160 399 11.

367 485 549 571 Superbum,
582 512 650 559 cum
674 490 861 560 Latinorum
885 493 1018 559 eserdtu
1037 492 1148 557 bellum
1156 485 1348 572 irsfsrmteos,
1366 492 1406 556 A.

368 575 548 641 Postumius
569 579 704 645 dictator
724 600 869 663 prospere
890 582 1047 666 pugrsaoit
1068 580 1154 664 apud
1176 579 1276 643 mmm
1296 578 1405 663 Regii

366 662 442 727 lum.
487 665 593 745 Plebs,
608 686 698 749 mun
708 674 940 747 proptermesros
954 666 992 730 als
1012 688 1056 732 ses
1075 666 1212 730 aliatum
1228 666 1406 730 insacrum

365 759 500 813 montem
529 752 707 830 secessisset,
737 754 861 815 comitio
883 752 1020 817 Messenii
1044 754 1193 838 Agrippa
1219 774 1240 817 a
1260 754 1407 817 seditione

364 846 509 900 reuocata
537 845 592 899 est.
647 837 735 900 Idem
763 840 918 923 Agrippa,
948 862 1038 924 qmsm
1067 842 1252 920 decessisset,
1279 849 1407 923 propter

359 932 574 1004 paupertatem
591 923 713 1005 publico
743 927 887 1006 iupendio
912 926 1011 990 elatus
1043 936 1099 991 est.
1149 928 1276 991 Tribuni
1305 927 1405 1010 plebis

363 1010 492 1093 quiaque
521 1011 616 1073 creati
636 1020 717 1075 mut.
763 1012 917 1095 Oppidum
945 1013 1119 1077 Volscorum
1144 1014 1258 1079 Corioli
1283 1024 1406 1096 captum

362 1104 410 1159 est
424 1096 535 1161 virtute
557 1105 587 1160 et
601 1119 694 1181 opera
711 1096 746 1163 C.
761 1098 890 1181 Marcii,
913 1102 966 1185 qui
979 1102 1018 1165 ob
1040 1100 1096 1165 luoc
1112 1099 1296 1167 Coruum
1308 1122 1403 1165 vosa-

362 1190 478 1247 tusest.
528 1178 577 1249 Tu.
591 1186 725 1266 Atissius,
747 1186 794 1249 uir
808 1188 956 1271 deplebe,
982 1209 1072 1273 psam
1085 1188 1120 1251 iu
1140 1188 1207 1252 uisu
1231 1186 1406 1254 aumonius

361 1278 450 1349 esset,
465 1280 501 1334 ut
522 1270 562 1333 de
575 1271 754 1357 pribusdam
767 1273 969 1359 religionibus
984 1270 1027 1338 ad
1040 1283 1180 1339 senatum
1198 1270 1355 1358 perferret,
1375 1284 1406 1339 et

361 1376 399 1421 ue
423 1357 557 1437 les-isset,
582 1360 694 1423 amisso
709 1356 795 1441 filio,
826 1359 932 1425 debilis
948 1358 1071 1443 sactus,
1082 1371 1261 1445 postquam,
1287 1360 1406 1425 delatus

332 1499 337 1508 .
363 1465 383 1507 a
420 1454 563 1509 senatum
578 1446 697 1527 lectica,
713 1446 821 1511 eadem
845 1448 903 1511 illa
923 1448 1131 1527 iudicaverat,
1156 1468 1214 1513 usu
1233 1446 1345 1529 pedum
1358 1467 1406 1512 re·

362 1540 460 1613 cepto,
488 1531 611 1597 doum
630 1554 767 1599 reversus
782 1543 839 1598 est.
886 1535 987 1607 Quum
1012 1531 1046 1597 C.
1059 1531 1200 1599 Marcius
1217 1532 1407 1615 Coriolanus,

361 1620 412 1702 qui
426 1619 458 1683 irs
474 1620 613 1685 exsilium
635 1631 704 1685 erat
727 1620 845 1705 pulsas,
871 1620 937 1685 duur
957 1620 1132 1685 Volscorum
1143 1617 1266 1702 foetus,
1290 1622 1408 1687 exerci-

362 1715 428 1769 tum
444 1706 575 1773 hostium
599 1706 667 1772 urbi
682 1708 791 1773 Romce
814 1708 1009 1787 admovisset,
1035 1717 1067 1771 et
1086 1708 1172 1771 moissi
1192 1706 1236 1771 ad
1250 1729 1318 1773 eum
1340 1708 1407 1791 psi·

361 1813 444 1857 mum
461 1792 570 1878 legati,
592 1806 703 1878 postea
723 1796 895 1860 sacerdotes
911 1790 1037 1875 frustra
1058 1794 1213 1878 deprecati
1234 1802 1342 1875 esseut,
1368 1815 1407 1859 ue

362 1878 476 1945 bellum
493 1882 608 1965 patrias
633 1881 759 1965 inferret
766 1906 780 1959 ;
815 1882 939 1947 Veturia
959 1892 1059 1946 mater
1083 1890 1115 1947 et
1143 1880 1302 1947 Volumnia
1326 1902 1407 1945 asor

361 1966 588 2051 impetraverunt
604 1970 645 2033 ab
655 1994 701 2053 eo,
712 1980 747 2035 ut
757 1971 918 2035 recederet.
962 1967 1033 2033 Les
1048 1968 1180 2055 agraria
1191 1970 1327 2053 primurm
1340 1966 1408 2046 lata

361 2062 418 2119 est.
464 2054 519 2139 Sp.
539 2056 662 2123 Cassius
677 2058 845 2123 somniaris
858 2054 947 2142 regui
967 2056 1091 2121 oiruiue
1111 2056 1277 2121 damnatus
1291 2064 1335 2121 est
1350 2076 1405 2118 me-

362 2150 515 2230 tatusque.
562 2145 667 2228 Oppia
690 2148 779 2231 uirgo
801 2144 932 2209 Vestalis
953 2141 992 2207 ob
1013 2143 1161 2207 incestum
1184 2143 1258 2207 aiva
1283 2139 1407 2225 defossa

284 2268 286 2273 -
362 2239 417 2295 est.
465 2232 566 2305 Quum
579 2234 672 2297 aicium
701 2230 801 2297 hostes
829 2232 966 2314 Veientes
986 2226 1169 2296 incommodi
1182 2230 1294 2315 magis,
1315 2249 1408 2315 attam
1501 2298 1506 2309 ,

360 2338 476 2401 graves
497 2327 607 2399 esseut,
615 2318 749 2402 familia
764 2318 934 2383 Fabiorum
946 2318 981 2383 id
997 2318 1109 2383 bellum
1119 2318 1289 2405 gerendum
1313 2316 1405 2397 depo
1492 2316 1516 2348 '²

357 2403 459 2485 poscit
467 2426 481 2477 s
504 2404 645 2489 misitque
659 2406 692 2469 ia
707 2406 741 2471 id
756 2415 905 2469 trecentos
917 2426 974 2469 ser
989 2412 1136 2485 armatos,
1159 2406 1212 2491 qui
1226 2403 1269 2467 ad
1286 2400 1406 2467 Crerue·

362 2508 432 2549 rom
448 2489 491 2551 ad
504 2510 597 2553 uuum
612 2492 651 2553 ab
664 2488 799 2555 hostibus
824 2490 893 2555 caesi
913 2498 994 2569 mut,
1016 2510 1077 2554 uuo
1099 2491 1241 2572 iupulrere
1262 2488 1344 2553 domi
1358 2510 1405 2553 re·

364 2572 444 2638 licto.
487 2575 549 2658 Ap.
570 2572 718 2640 Claudius
740 2578 858 2658 consul,
879 2596 970 2662 psum
992 2576 1139 2641 atomus
1159 2574 1281 2642 Volscos
1301 2584 1407 2641 coutu-

362 2660 465 2726 moaia
489 2663 642 2728 euersum
666 2663 749 2726 male
771 2685 819 2746 pt
862 2672 949 2726 otum
974 2671 1061 2741 esset,
1091 2661 1242 2726 decimum
1264 2683 1407 2748 quasque

363 2747 494 2826 utilitum
502 2745 590 2830 fisste
625 2751 758 2814 massmt.
837 2771 869 2812 es
879 2757 1030 2832 praterea
1044 2747 1206 2812 aduersum
1229 2745 1361 2827 Volscos,
1376 2759 1407 2811 et

363 2830 492 2937 AEquos,
516 2845 547 2902 et
600 2838 724 2920 eicsstes,
751 2845 782 2901 et
804 2836 968 2902 seditiones
991 2835 1070 2900 inter
1096 2833 1211 2902 Patres
1234 2833 1407 2928 plebemque

364 2933 505 2990 mutsuu.
