3175 5200
382 375 442 447 πθ
596 424 598 429 ,
795 370 879 436 '1³1‘ss
897 369 1000 435 mvn

218 535 357 656 pgppp
386 532 673 621 quotuscunque
694 514 811 598 rotoni
831 535 869 597 ue
889 532 1029 635 ausu·
1043 532 1111 613 nu,
1125 528 1294 634 maurum
1308 518 1436 621 paee.

346 632 353 651 ⁸
387 622 486 688 Palati
501 622 552 685 alii
573 644 626 707 per
642 643 731 705 agros
743 622 856 706 passim
876 622 980 685 multia
994 622 1165 701 itineribus,
1183 624 1320 705 majoris,
1341 646 1436 707 quam

389 718 516 793 accepta
540 718 615 789 erat,
641 709 735 773 eladis
759 709 863 772 nuncii
889 708 1022 772 Romam
1047 709 1284 774 contenderunt.
1327 710 1434 775 Minus

388 796 602 880 trepidationis
616 796 793 878 fuit'quod
808 808 932 860 eventus
957 795 1059 858 timori
1082 796 1241 860 hominum
1263 818 1434 881 congruens
1476 814 1481 823 ·

389 884 488 947 metat
498 905 510 962 3
533 894 565 948 et
589 883 672 965 quod
697 883 842 961 subsidia,
871 904 937 966 quae
965 884 1153 966 respicerent
1179 884 1211 945 in
1242 905 1274 947 re
1304 885 1435 968 trepida,

389 982 559 1057 praeparata
588 982 675 1033 erant
708 972 747 1033 ab
778 971 899 1035 tribuno
929 970 1083 1033 militum:
1113 968 1259 1053 jussuque
1288 970 1436 1054 ejusdem,

390 1078 445 1141 per
459 1058 591 1121 minores
605 1056 800 1141 magistratum
817 1059 924 1120 sedato
939 1057 971 1119 in
981 1058 1055 1120 urbe
1069 1057 1215 1135 tumultu,
1230 1059 1435 1140 speculatores

390 1164 518 1229 propere
533 1146 618 1208 missi
632 1145 823 1224 nuntiavere,
844 1143 976 1207 Tusculi<
993 1143 1085 1207 duces
1104 1145 1329 1227 exercitumque
1343 1168 1410 1208 esse
1418 1170 1432 1225 ς

355 1263 359 1285 r
390 1230 512 1295 bostem
527 1244 629 1296 castra
642 1232 710 1295 loeo
724 1253 786 1295 non
802 1233 940 1295 movisse.
966 1242 1009 1310 et,
1031 1230 1115 1314 quod
1137 1231 1298 1314 plurimum
1310 1234 1432 1295 animo-

222 1318 378 1374 Mmiliu‘
391 1338 458 1383 rurn
481 1319 566 1399 fecit,
582 1318 727 1382 dictator
748 1340 788 1381 ex
809 1318 1073 1383 senatusconsulto
1098 1317 1197 1382 diens
1227 1317 1266 1389 Q.
1290 1316 1434 1382 Servilius

222 1388 327 1439 m·
390 1404 529 1487 Priscum
551 1404 606 1487 vir,
631 1404 716 1488 cujus
736 1405 959 1487 providentiam
984 1405 1016 1466 in
1042 1405 1200 1488 republica
1223 1426 1315 1488 quum
1329 1406 1434 1468 multis

392 1493 459 1557 aliie
474 1494 706 1575 tempestatibus
727 1490 799 1554 ante
813 1503 940 1577 experta
949 1492 1056 1553 civitas
1071 1502 1150 1570 erat,
1166 1503 1232 1555 tum
1246 1508 1356 1556 eventu
1370 1492 1436 1575 ejus

390 1578 473 1660 belli,
494 1579 577 1662 quod
601 1579 654 1641 uni
678 1589 835 1641 certarnen
856 1580 1046 1642 tribunonrm
1072 1589 1247 1662 suspectum
1274 1592 1345 1643 ante
1369 1600 1435 1641 rem

389 1667 469 1730 male
493 1678 611 1748 gestam
636 1665 751 1744 fuerat,
775 1666 924 1749 magistro
947 1663 1083 1747 equitum
1103 1678 1215 1745 creato,
1241 1687 1262 1728 a
1275 1688 1344 1748 quo
1370 1667 1435 1750 ipse

388 1752 512 1815 tribuno
526 1752 658 1814 militum
674 1751 808 1819 dictator
831 1763 897 1815 erat
916 1753 1028 1831 dictus,
1051 1751 1196 1831 filiosuo,
1220 1763 1256 1815 ut
1280 1753 1433 1816 tradidere

388 1838 524 1921 quidam,
543 1837 628 1918 (narn
651 1838 703 1901 alii
716 1836 850 1902 Ahalam
865 1836 1025 1901 Servilium
1039 1840 1215 1921 magistrum
1235 1841 1371 1921 equiturn
1390 1861 1430 1901 eo

388 1944 470 1988 anno
494 1924 586 1987 fuisse
613 1924 761 2007 scribunt)
794 1946 873 1989 novo
898 1926 1035 1989 exercitu
1059 1925 1209 2011 profectus
1240 1925 1280 1988 ad
1305 1925 1431 2004 bellum,

388 2010 499 2075 adsitis
514 2012 565 2094 qui
579 2008 704 2075 'llrsculi
720 2023 818 2093 erant,
833 2013 894 2076 duo
907 2012 1003 2077 millia
1017 2034 1157 2097 passuum
1172 2014 1211 2076 ab
1225 2013 1313 2077 hoste
1326 2012 1429 2077 locum

388 2098 496 2161 castris
511 2119 548 2161 ce
570 2097 605 2163 it.
673 2098 676 2105 ’

430 2118 570 2248 XLVII?
579 2184 757 2250 Trartsierat
777 2207 817 2249 ex
841 2209 874 2251 re
897 2188 974 2251 bene
995 2199 1083 2271 gesta
1106 2187 1247 2251 suberbia
1268 2187 1433 2272 neglegen-

387 2270 491 2354 tiaque
512 2272 552 2335 ad
572 2270 703 2357 AEquos,
727 2294 793 2356 quar
817 2274 849 2336 in
875 2273 1023 2339 Romanis
1048 2276 1176 2351 ducibus
1198 2274 1309 2339 fuerat.
1330 2276 1435 2358 itaque

282 2370 289 2385 ·
386 2359 488 2443 primo
510 2360 616 2423 statim
638 2360 747 2445 proelio
774 2382 867 2445 quum
890 2363 1024 2425 dictator
1044 2364 1182 2445 equitatu
1205 2363 1332 2426 inmisso
1348 2373 1436 2425 ante-

299 2468 307 2489 ·
387 2445 531 2527 signanos
562 2446 696 2510 bostium
729 2449 893 2529 turbasset,
920 2450 1074 2532 legionum
1104 2449 1177 2512 inde
1214 2451 1304 2533 signa
1332 2449 1435 2512 inferri

385 2551 514 2617 propere
525 2531 627 2615 jussit,
652 2534 887 2619 signiferumque
911 2558 951 2599 ex
975 2536 1035 2598 suis
1057 2556 1151 2614 unum
1167 2549 1363 2599 cunctantem
1378 2558 1434 2601 oc·

386 2619 475 2684 cidit.
517 2617 636 2683 Tantus
653 2622 742 2684 ardor
762 2622 804 2686 ad
826 2623 1033 2687 dimicandum
1049 2624 1117 2704 fuit,
1137 2637 1173 2688 ut
1187 2625 1324 2709 inpetum
1337 2621 1434 2706 AEqui

386 2725 449 2774 non
460 2705 606 2768 tulerint:
629 2707 762 2790 victique
787 2710 853 2772 acie
877 2732 970 2793 quum
993 2711 1067 2794 fuga
1089 2711 1185 2775 eflirsa
1204 2712 1351 2795 petissent
1364 2733 1433 2772 cns-

386 2802 445 2870 tra‚
460 2792 578 2855 brevior
599 2803 737 2879 tempore
761 2807 794 2858 et
817 2799 983 2861 certamine
1005 2800 1106 2861 minor
1120 2811 1285 2862 castrorum
1309 2800 1432 2882 obpug-

385 2878 471 2943 natio
487 2879 556 2958 fuit,
572 2899 663 2962 quam
677 2881 818 2964 proelium
839 2883 948 2949 fuerat.
993 2885 1099 2970 Captis
1115 2887 1297 2969 direptisque
1308 2886 1429 2964 castris,

385 2985 479 3048 quum
500 2966 634 3051 predam
657 2968 789 3032 dictator
810 2971 900 3034 militi
930 2973 1140 3052 concessisset,
1168 2973 1322 3054 secutique
1347 2971 1430 3054 iugi-

385 3063 489 3117 entem
516 3075 555 3118 ex
585 3054 691 3118 castris
723 3057 844 3120 hostem
878 3060 997 3141 equites
1031 3061 1266 3138 renunciassent,
1294 3063 1428 3121 ’omnes

384 3135 553 3204 lauicanos
567 3141 673 3222 victos,
699 3164 843 3228 magnam
866 3158 985 3229 partem
999 3145 1169 3229 AEquorum
1185 3146 1312 3210 Lavicos
1323 3146 1430 3209 confu-

218 3233 373 3303 ramera
384 3225 487 3310 gisse3
503 3239 625 3312 postero
640 3230 690 3292 die
706 3232 746 3293 ad
760 3229 888 3296 Laneus
904 3229 1198 3298 ductus'exeicitus:
1214 3234 1429 3319 oppidumque,

386 3334 501 3379 torona
515 3317 747 3398 circumdatum,
769 3320 859 3383 scalis
873 3334 998 3406 captum
1021 3343 1058 3384 ac
1081 3321 1232 3407 direptum
1256 3333 1313 3384 est.
1354 3319 1431 3382 Dic-

386 3412 477 3481 tator,
492 3404 627 3467 exercitu
649 3405 763 3470 victore
789 3405 922 3471 Romam
953 3404 1088 3489 reducto,
1115 3410 1163 3472 die
1193 3422 1312 3488 octavo,
1340 3428 1429 3490 quam

386 3499 504 3550 creatus
525 3503 602 3569 erat,
622 3492 803 3574 magistratu
833 3517 867 3556 se
892 3497 1063 3574 abdicavit3
1087 3508 1119 3559 et
1141 3508 1315 3580 opportune
1341 3515 1429 3556 sena·

386 3585 446 3655 tus,
473 3575 651 3660 priusquam
672 3579 711 3640 ab
734 3580 863 3644 tribunis
877 3582 982 3666 plebi¹
1004 3584 1128 3666 agraria
1152 3583 1329 3662 seditiones,
1341 3601 1429 3643 men·

349 3737 356 3744 .
385 3660 469 3724 tione
493 3661 590 3724 inlata
619 3664 658 3726 de
688 3685 762 3750 agro
787 3665 940 3733 lavicano
969 3670 1142 3749 dividendo,
1165 3670 1282 3750 fierent,
1313 3668 1445 3731 censuit

384 3747 538 3834 frequens,
567 3749 719 3816 coloniam
750 3751 877 3819 Invicoa
909 3756 1130 3820 deducendam.
1160 3757 1262 3820 coloni
1291 3757 1332 3818 ab
1356 3755 1430 3817 urbe

383 3835 468 3900 mille
498 3848 532 3900 et
557 3838 715 3922 quingenti
744 3841 830 3904 missi
856 3842 931 3906 bina
947 3842 1059 3927 jugera
1085 3855 1278 3927 acceperunt.
1322 3841 1429 3926 Captis

217 3923 359 3984 Muta
382 3919 511 4004 lavicis,
536 3945 584 3988 ae
620 3926 731 3990 deinde
763 3929 890 3992 tribunis
925 3931 1057 3994 militum
1084 3931 1233 3994 consulari
1265 3940 1430 4014 potestate,

213 3990 354 4120 23¹⁴·
369 4010 534 4098 ‘Agrippa'
551 4009 699 4077 Menenio
725 4011 857 4095 hanno,
886 4028 919 4079 et
946 4015 982 4080 h
1012 4016 1141 4082 Servilio
1170 4016 1306 4097 Structo,
1334 4027 1367 4078 et
1394 4013 1429 4077 P.

212 4077 523 4180 ammenta
552 4097 745 4186 Tricipitino,
769 4099 886 4166 'iarum
912 4105 1053 4168 omnibus
1083 4106 1141 4187 urs,
1168 4118 1201 4169 et
1230 4103 1285 4189 sp.
1311 4102 1430 4166 ausus

166 4271 170 4285 ι
212 4185 319 4246 iuml.
381 4177 503 4267 Crasso,
514 4198 547 4252 et
560 4187 764 4272 insequente!
787 4208 868 4254 auno
881 4190 921 4255 A.
937 4190 1119 4276 Sempronio
1132 4191 1278 4256 Atratino
1292 4190 1428 4266 tertium,

565 4297 732 4360 'plebiscita
855 4340 859 4352 .
926 4302 1234 4365 thumiamcm.

409 4393 525 4451 'Omen
557 4399 678 4456 stimsur
703 4405 783 4474 sinu]
813 4405 889 4457 Nobis
920 4405 1155 4474 miuispmcsdeuris.
1188 4409 1432 4460 &antulerat

374 4475 388 4515 Ι
510 4475 547 4518 est
580 4469 661 4520 ultima
693 4487 746 4532 vox,
777 4485 887 4537 tauquam
917 4489 992 4538 opmr
1019 4489 1044 4528 et
1069 4493 1234 4546 eatupprm
1262 4474 1431 4531 thermum
