<?xml version="1.0" encoding="UTF-8"?>
<!DOCTYPE html PUBLIC "-//W3C//DTD XHTML 1.0 Transitional//EN"
    "http://www.w3.org/TR/xhtml1/DTD/xhtml1-transitional.dtd">
<html xmlns="http://www.w3.org/1999/xhtml" xml:lang="en" lang="en">
 <head>
  <title>
</title>
<meta http-equiv="Content-Type" content="text/html;charset=utf-8" />
  <meta name='ocr-system' content='tesseract 3.04.00' />
  <meta name='ocr-capabilities' content='ocr_page ocr_carea ocr_par ocr_line ocrx_word'/>
</head>
<body>
  <div class='ocr_page' id='page_1' title='image "./tliviipatavinih03grongoog_0037.png"; bbox 0 0 3175 5200; ppageno 0'>
   <div class='ocr_carea' id='block_1_1' title="bbox 441 370 1214 472">
    <p class='ocr_par' dir='ltr' id='par_1_1' title="bbox 441 370 1214 472">
     <span class='ocr_line' id='line_1_1' title="bbox 441 370 1214 472; baseline 0.003 -22"><span class='ocrx_word' id='word_1_1' title='bbox 441 391 535 457; x_wconf 74' lang='lat' dir='ltr'><strong>vrrs</strong></span> <span class='ocrx_word' id='word_1_2' title='bbox 554 391 609 454; x_wconf 83' lang='lat' dir='ltr'><strong>ar</strong></span> <span class='ocrx_word' id='word_1_3' title='bbox 628 370 820 454; x_wconf 81' lang='lat' dir='ltr'><strong>msronn</strong></span> <span class='ocrx_word' id='word_1_4' title='bbox 836 392 937 453; x_wconf 81' lang='lat' dir='ltr'><strong>nou.</strong></span> <span class='ocrx_word' id='word_1_5' title='bbox 1104 412 1214 472; x_wconf 57' lang='lat' dir='ltr'><strong>aaa</strong></span> 
     </span>
    </p>
   </div>
   <div class='ocr_carea' id='block_1_2' title="bbox 132 539 1285 3508">
    <p class='ocr_par' dir='ltr' id='par_1_2' title="bbox 166 539 1285 1828">
     <span class='ocr_line' id='line_1_2' title="bbox 170 539 1215 644; baseline 0.004 -28"><span class='ocrx_word' id='word_1_6' title='bbox 170 539 727 644; x_wconf 80' lang='lat' dir='ltr'><strong>diligentcrersntconsignata.</strong></span> <span class='ocrx_word' id='word_1_7' title='bbox 765 545 878 638; x_wconf 88' lang='lat' dir='ltr'><strong>Quod</strong></span> <span class='ocrx_word' id='word_1_8' title='bbox 888 545 920 619; x_wconf 90' lang='lat' dir='ltr'><strong>si</strong></span> <span class='ocrx_word' id='word_1_9' title='bbox 930 567 1019 620; x_wconf 90' lang='lat' dir='ltr'><strong>vero</strong></span> <span class='ocrx_word' id='word_1_10' title='bbox 1029 546 1160 624; x_wconf 78' lang='lat' dir='ltr'><strong>Livius</strong></span> <span class='ocrx_word' id='word_1_11' title='bbox 1171 549 1215 639; x_wconf 84' lang='lat' dir='ltr'><strong>in</strong></span> 
     </span>
     <span class='ocr_line' id='line_1_3' title="bbox 166 639 1213 737; baseline 0.007 -23"><span class='ocrx_word' id='word_1_12' title='bbox 166 639 226 714; x_wconf 91' lang='lat' dir='ltr'><strong>his</strong></span> <span class='ocrx_word' id='word_1_13' title='bbox 243 645 580 718; x_wconf 84' lang='lat' dir='ltr'><strong>commemorandis</strong></span> <span class='ocrx_word' id='word_1_14' title='bbox 597 647 754 721; x_wconf 90' lang='lat' dir='ltr'><strong>modum</strong></span> <span class='ocrx_word' id='word_1_15' title='bbox 774 645 948 735; x_wconf 82' lang='lat' dir='ltr'>excessit,</span> <span class='ocrx_word' id='word_1_16' title='bbox 967 647 1090 720; x_wconf 90' lang='lat' dir='ltr'><strong>minus</strong></span> <span class='ocrx_word' id='word_1_17' title='bbox 1109 655 1213 737; x_wconf 87' lang='lat' dir='ltr'><strong>certe</strong></span> 
     </span>
     <span class='ocr_line' id='line_1_4' title="bbox 166 743 1211 845; baseline 0.004 -31"><span class='ocrx_word' id='word_1_18' title='bbox 166 764 342 837; x_wconf 82' lang='lat' dir='ltr'>peccasse</span> <span class='ocrx_word' id='word_1_19' title='bbox 358 743 506 818; x_wconf 90' lang='lat' dir='ltr'><strong>videtur</strong></span> <span class='ocrx_word' id='word_1_20' title='bbox 523 768 637 841; x_wconf 91' lang='lat' dir='ltr'><strong>quam</strong></span> <span class='ocrx_word' id='word_1_21' title='bbox 655 744 844 845; x_wconf 87' lang='lat' dir='ltr'>Polybius,</span> <span class='ocrx_word' id='word_1_22' title='bbox 854 744 920 839; x_wconf 94' lang='lat' dir='ltr'><strong>qui</strong></span> <span class='ocrx_word' id='word_1_23' title='bbox 932 746 1051 818; x_wconf 89' lang='lat' dir='ltr'><strong>semel</strong></span> <span class='ocrx_word' id='word_1_24' title='bbox 1062 754 1211 820; x_wconf 85' lang='lat' dir='ltr'><strong>tantum</strong></span> 
     </span>
     <span class='ocr_line' id='line_1_5' title="bbox 171 839 1285 937; baseline 0.004 -25"><span class='ocrx_word' id='word_1_25' title='bbox 171 839 224 933; x_wconf 89' lang='grc'><strong>(3,</strong></span> <span class='ocrx_word' id='word_1_26' title='bbox 242 842 341 937; x_wconf 77' lang='lat'>112.)</span> <span class='ocrx_word' id='word_1_27' title='bbox 361 843 516 916; x_wconf 90' lang='lat' dir='ltr'><strong>brevem</strong></span> <span class='ocrx_word' id='word_1_28' title='bbox 533 868 664 918; x_wconf 90' lang='lat' dir='ltr'><strong>eorum</strong></span> <span class='ocrx_word' id='word_1_29' title='bbox 680 842 916 925; x_wconf 82' lang='lat' dir='ltr'><strong>mentionem</strong></span> <span class='ocrx_word' id='word_1_30' title='bbox 928 841 1034 917; x_wconf 87' lang='lat' dir='ltr'><strong>fecit:</strong></span> <span class='ocrx_word' id='word_1_31' title='bbox 1059 869 1147 918; x_wconf 85' lang='lat' dir='ltr'><strong>nam</strong></span> <span class='ocrx_word' id='word_1_32' title='bbox 1164 869 1213 917; x_wconf 88' lang='lat' dir='ltr'><strong>ex</strong></span> <span class='ocrx_word' id='word_1_33' title='bbox 1282 901 1285 906; x_wconf 86' lang='lat'>.</span> 
     </span>
     <span class='ocr_line' id='line_1_6' title="bbox 166 937 1213 1041; baseline 0.006 -31"><span class='ocrx_word' id='word_1_34' title='bbox 166 937 322 1013; x_wconf 89' lang='lat' dir='ltr'><strong>historia</strong></span> <span class='ocrx_word' id='word_1_35' title='bbox 339 941 522 1031; x_wconf 85' lang='lat' dir='ltr'><strong>Romana,</strong></span> <span class='ocrx_word' id='word_1_36' title='bbox 540 966 622 1039; x_wconf 86' lang='lat' dir='ltr'><strong>quae</strong></span> <span class='ocrx_word' id='word_1_37' title='bbox 647 942 737 1016; x_wconf 86' lang='lat' dir='ltr'><strong>talia</strong></span> <span class='ocrx_word' id='word_1_38' title='bbox 761 962 868 1041; x_wconf 81' lang='lat' dir='ltr'><strong>paene</strong></span> <span class='ocrx_word' id='word_1_39' title='bbox 893 940 1041 1015; x_wconf 90' lang='lat' dir='ltr'><strong>silentio</strong></span> <span class='ocrx_word' id='word_1_40' title='bbox 1061 950 1213 1040; x_wconf 86' lang='lat' dir='ltr'><strong>praeter-</strong></span> 
     </span>
     <span class='ocr_line' id='line_1_7' title="bbox 167 1037 1213 1140; baseline 0.005 -31"><span class='ocrx_word' id='word_1_41' title='bbox 167 1037 297 1127; x_wconf 88' lang='lat' dir='ltr'><strong>mittit,</strong></span> <span class='ocrx_word' id='word_1_42' title='bbox 315 1064 393 1114; x_wconf 91' lang='lat' dir='ltr'><strong>uon</strong></span> <span class='ocrx_word' id='word_1_43' title='bbox 418 1042 596 1116; x_wconf 81' lang='lat' dir='ltr'><strong>adcurate</strong></span> <span class='ocrx_word' id='word_1_44' title='bbox 618 1041 846 1140; x_wconf 84' lang='lat' dir='ltr'>percipietur</span> <span class='ocrx_word' id='word_1_45' title='bbox 870 1038 1038 1136; x_wconf 81' lang='lat' dir='ltr'><strong>cognitio</strong></span> <span class='ocrx_word' id='word_1_46' title='bbox 1053 1065 1213 1130; x_wconf 89' lang='lat' dir='ltr'><strong>momm‚</strong></span> 
     </span>
     <span class='ocr_line' id='line_1_8' title="bbox 168 1136 1218 1237; baseline 0.005 -30"><span class='ocrx_word' id='word_1_47' title='bbox 168 1136 390 1232; x_wconf 89' lang='lat' dir='ltr'><strong>opinionum</strong></span> <span class='ocrx_word' id='word_1_48' title='bbox 420 1139 752 1236; x_wconf 85' lang='lat' dir='ltr'><strong>institutorumque</strong></span> <span class='ocrx_word' id='word_1_49' title='bbox 780 1137 893 1234; x_wconf 89' lang='lat' dir='ltr'><strong>hujus</strong></span> <span class='ocrx_word' id='word_1_50' title='bbox 922 1139 1064 1236; x_wconf 91' lang='lat' dir='ltr'><strong>populi.</strong></span> <span class='ocrx_word' id='word_1_51' title='bbox 1131 1139 1218 1237; x_wconf 82' lang='lat' dir='ltr'><strong>Ipse</strong></span> 
     </span>
     <span class='ocr_line' id='line_1_9' title="bbox 167 1233 1217 1334; baseline 0.006 -28"><span class='ocrx_word' id='word_1_52' title='bbox 167 1233 294 1310; x_wconf 88' lang='lat' dir='ltr'><strong>Livius</strong></span> <span class='ocrx_word' id='word_1_53' title='bbox 310 1242 390 1311; x_wconf 90' lang='lat' dir='ltr'><strong>uon</strong></span> <span class='ocrx_word' id='word_1_54' title='bbox 402 1240 501 1312; x_wconf 89' lang='lat' dir='ltr'><strong>male</strong></span> <span class='ocrx_word' id='word_1_55' title='bbox 516 1260 611 1324; x_wconf 90' lang='lat' dir='ltr'><strong>eam,</strong></span> <span class='ocrx_word' id='word_1_56' title='bbox 627 1262 742 1334; x_wconf 89' lang='lat' dir='ltr'><strong>quam</strong></span> <span class='ocrx_word' id='word_1_57' title='bbox 756 1246 936 1333; x_wconf 88' lang='lat' dir='ltr'><strong>sequutus</strong></span> <span class='ocrx_word' id='word_1_58' title='bbox 949 1245 1020 1326; x_wconf 89' lang='lat' dir='ltr'><strong>est,</strong></span> <span class='ocrx_word' id='word_1_59' title='bbox 1030 1238 1217 1312; x_wconf 88' lang='lat' dir='ltr'><strong>rationem</strong></span> 
     </span>
     <span class='ocr_line' id='line_1_10' title="bbox 167 1334 1215 1426; baseline 0.006 -22"><span class='ocrx_word' id='word_1_60' title='bbox 167 1334 193 1405; x_wconf 94' lang='lat' dir='ltr'><strong>l.</strong></span> <span class='ocrx_word' id='word_1_61' title='bbox 208 1358 320 1408; x_wconf 85' lang='lat' dir='ltr'><strong>xnur.</strong></span> <span class='ocrx_word' id='word_1_62' title='bbox 333 1339 394 1409; x_wconf 87' lang='lat'><strong>13.</strong></span> <span class='ocrx_word' id='word_1_63' title='bbox 408 1335 576 1410; x_wconf 83' lang='lat' dir='ltr'><strong>defendit</strong></span> <span class='ocrx_word' id='word_1_64' title='bbox 587 1337 645 1410; x_wconf 90' lang='lat' dir='ltr'><strong>his</strong></span> <span class='ocrx_word' id='word_1_65' title='bbox 657 1334 798 1410; x_wconf 89' lang='lat' dir='ltr'><strong>verbis:</strong></span> <span class='ocrx_word' id='word_1_66' title='bbox 824 1337 932 1410; x_wconf 89' lang='lat' dir='ltr'><strong>‘Non</strong></span> <span class='ocrx_word' id='word_1_67' title='bbox 949 1359 1035 1409; x_wconf 91' lang='lat' dir='ltr'><strong>sum</strong></span> <span class='ocrx_word' id='word_1_68' title='bbox 1053 1337 1215 1426; x_wconf 90' lang='lat' dir='ltr'><strong>nescius,</strong></span> 
     </span>
     <span class='ocr_line' id='line_1_11' title="bbox 171 1433 1216 1535; baseline 0.004 -31"><span class='ocrx_word' id='word_1_69' title='bbox 171 1439 181 1471; x_wconf 90' lang='lat'>‘</span> <span class='ocrx_word' id='word_1_70' title='bbox 199 1435 247 1505; x_wconf 89' lang='lat' dir='ltr'><strong>ab</strong></span> <span class='ocrx_word' id='word_1_71' title='bbox 265 1433 398 1508; x_wconf 88' lang='lat' dir='ltr'><strong>eadem</strong></span> <span class='ocrx_word' id='word_1_72' title='bbox 414 1436 657 1535; x_wconf 83' lang='lat' dir='ltr'><strong>negligentia,</strong></span> <span class='ocrx_word' id='word_1_73' title='bbox 675 1458 749 1530; x_wconf 87' lang='lat' dir='ltr'><strong>qua</strong></span> <span class='ocrx_word' id='word_1_74' title='bbox 771 1433 865 1507; x_wconf 89' lang='lat' dir='ltr'><strong>nihil</strong></span> <span class='ocrx_word' id='word_1_75' title='bbox 880 1434 973 1508; x_wconf 90' lang='lat' dir='ltr'><strong>deos</strong></span> <span class='ocrx_word' id='word_1_76' title='bbox 989 1435 1216 1530; x_wconf 82' lang='lat' dir='ltr'><strong>portendere</strong></span> 
     </span>
     <span class='ocr_line' id='line_1_12' title="bbox 170 1531 1215 1630; baseline 0.003 -27"><span class='ocrx_word' id='word_1_77' title='bbox 170 1536 182 1569; x_wconf 94' lang='lat'>‘</span> <span class='ocrx_word' id='word_1_78' title='bbox 200 1533 316 1628; x_wconf 88' lang='lat' dir='ltr'><strong>vulgo</strong></span> <span class='ocrx_word' id='word_1_79' title='bbox 333 1557 435 1606; x_wconf 93' lang='lat' dir='ltr'><strong>nunc</strong></span> <span class='ocrx_word' id='word_1_80' title='bbox 452 1533 622 1607; x_wconf 88' lang='lat' dir='ltr'><strong>credunt&#39;</strong></span> <span class='ocrx_word' id='word_1_81' title='bbox 640 1557 693 1606; x_wconf 90' lang='lat' dir='ltr'><strong>sc.</strong></span> <span class='ocrx_word' id='word_1_82' title='bbox 710 1531 894 1623; x_wconf 89' lang='lat' dir='ltr'><strong>homines,</strong></span> <span class='ocrx_word' id='word_1_83' title='bbox 912 1533 1037 1606; x_wconf 90' lang='lat' dir='ltr'><strong>edocti</strong></span> <span class='ocrx_word' id='word_1_84' title='bbox 1055 1533 1215 1630; x_wconf 80' lang='lat' dir='ltr'><strong>ophilo-</strong></span> 
     </span>
     <span class='ocr_line' id='line_1_13' title="bbox 170 1623 1215 1828; baseline 0.002 -26"><span class='ocrx_word' id='word_1_85' title='bbox 170 1623 1215 1828; x_wconf 51' lang='lat' dir='ltr'><strong>llll,litttilltlstrttttlltslnt</strong></span> 
     </span>
    </p>

    <p class='ocr_par' dir='ltr' id='par_1_3' title="bbox 132 1787 1226 3508">
     <span class='ocr_line' id='line_1_14' title="bbox 1202 1787 1214 1819; baseline 0 0"><span class='ocrx_word' id='word_1_86' title='bbox 1202 1787 1214 1819; x_wconf 70' lang='lat'><em>2</em></span> 
     </span>
     <span class='ocr_line' id='line_1_15' title="bbox 170 1826 1214 1923; baseline 0.004 -23"><span class='ocrx_word' id='word_1_87' title='bbox 170 1833 321 1923; x_wconf 87' lang='lat' dir='ltr'><strong>‘neque</strong></span> <span class='ocrx_word' id='word_1_88' title='bbox 345 1826 385 1900; x_wconf 94' lang='lat' dir='ltr'><strong>in</strong></span> <span class='ocrx_word' id='word_1_89' title='bbox 410 1831 563 1903; x_wconf 90' lang='lat' dir='ltr'><strong>annales</strong></span> <span class='ocrx_word' id='word_1_90' title='bbox 583 1829 722 1903; x_wconf 84' lang='lat' dir='ltr'><strong>referri.</strong></span> <span class='ocrx_word' id='word_1_91' title='bbox 774 1830 955 1904; x_wconf 86' lang='lat' dir='ltr'><strong>Ceterum</strong></span> <span class='ocrx_word' id='word_1_92' title='bbox 973 1838 1013 1902; x_wconf 89' lang='lat' dir='ltr'><strong>et</strong></span> <span class='ocrx_word' id='word_1_93' title='bbox 1029 1829 1133 1919; x_wconf 91' lang='lat' dir='ltr'><strong>mihi,</strong></span> <span class='ocrx_word' id='word_1_94' title='bbox 1148 1854 1214 1904; x_wconf 88' lang='lat' dir='ltr'><strong>ve·</strong></span> 
     </span>
     <span class='ocr_line' id='line_1_16' title="bbox 169 1927 1214 2026; baseline 0.004 -27"><span class='ocrx_word' id='word_1_95' title='bbox 169 1930 181 1965; x_wconf 90' lang='lat'><em>‘</em></span> <span class='ocrx_word' id='word_1_96' title='bbox 198 1934 395 2000; x_wconf 84' lang='lat' dir='ltr'><strong>tustasres</strong></span> <span class='ocrx_word' id='word_1_97' title='bbox 413 1927 602 2017; x_wconf 87' lang='lat' dir='ltr'><strong>scribenti,</strong></span> <span class='ocrx_word' id='word_1_98' title='bbox 614 1928 743 2003; x_wconf 89' lang='lat' dir='ltr'><strong>nescio</strong></span> <span class='ocrx_word' id='word_1_99' title='bbox 757 1950 834 2023; x_wconf 91' lang='lat' dir='ltr'><strong>quo</strong></span> <span class='ocrx_word' id='word_1_100' title='bbox 846 1937 971 2026; x_wconf 86' lang='lat' dir='ltr'><strong>pacto,</strong></span> <span class='ocrx_word' id='word_1_101' title='bbox 984 1930 1158 2025; x_wconf 90' lang='lat' dir='ltr'><strong>antiquus</strong></span> <span class='ocrx_word' id='word_1_102' title='bbox 1170 1927 1214 2003; x_wconf 90' lang='lat' dir='ltr'><strong>fit</strong></span> 
     </span>
     <span class='ocr_line' id='line_1_17' title="bbox 170 2025 1216 2125; baseline 0.004 -27"><span class='ocrx_word' id='word_1_103' title='bbox 170 2025 365 2110; x_wconf 89' lang='lat' dir='ltr'><strong>‘animus;</strong></span> <span class='ocrx_word' id='word_1_104' title='bbox 396 2035 435 2100; x_wconf 91' lang='lat' dir='ltr'><strong>et</strong></span> <span class='ocrx_word' id='word_1_105' title='bbox 460 2027 633 2125; x_wconf 88' lang='lat' dir='ltr'><strong>quaedam</strong></span> <span class='ocrx_word' id='word_1_106' title='bbox 659 2026 793 2122; x_wconf 88' lang='lat' dir='ltr'><strong>religio</strong></span> <span class='ocrx_word' id='word_1_107' title='bbox 809 2035 928 2117; x_wconf 88' lang='lat' dir='ltr'><strong>tenet,</strong></span> <span class='ocrx_word' id='word_1_108' title='bbox 946 2051 1030 2123; x_wconf 87' lang='lat' dir='ltr'><strong>qnae</strong></span> <span class='ocrx_word' id='word_1_109' title='bbox 1054 2029 1111 2100; x_wconf 90' lang='lat' dir='ltr'><strong>illi</strong></span> <span class='ocrx_word' id='word_1_110' title='bbox 1127 2052 1216 2124; x_wconf 90' lang='lat' dir='ltr'><strong>pru·</strong></span> 
     </span>
     <span class='ocr_line' id='line_1_18' title="bbox 170 2124 1218 2223; baseline 0.002 -27"><span class='ocrx_word' id='word_1_111' title='bbox 170 2131 180 2162; x_wconf 88' lang='lat'>‘</span> <span class='ocrx_word' id='word_1_112' title='bbox 198 2124 411 2200; x_wconf 89' lang='lat' dir='ltr'><strong>dentissimi</strong></span> <span class='ocrx_word' id='word_1_113' title='bbox 427 2127 497 2201; x_wconf 88' lang='lat' dir='ltr'><strong>viri</strong></span> <span class='ocrx_word' id='word_1_114' title='bbox 510 2127 660 2223; x_wconf 90' lang='lat' dir='ltr'><strong>publice</strong></span> <span class='ocrx_word' id='word_1_115' title='bbox 678 2125 915 2221; x_wconf 90' lang='lat' dir='ltr'><strong>suscipienda</strong></span> <span class='ocrx_word' id='word_1_116' title='bbox 930 2126 1155 2213; x_wconf 86' lang='lat' dir='ltr'><strong>censuerint,</strong></span> <span class='ocrx_word' id='word_1_117' title='bbox 1172 2151 1218 2198; x_wconf 84' lang='lat' dir='ltr'><strong>ea</strong></span> 
     </span>
     <span class='ocr_line' id='line_1_19' title="bbox 170 2221 1217 2320; baseline 0.001 -26"><span class='ocrx_word' id='word_1_118' title='bbox 170 2228 183 2263; x_wconf 91' lang='lat'>‘</span> <span class='ocrx_word' id='word_1_119' title='bbox 198 2247 267 2319; x_wconf 88' lang='lat' dir='ltr'><strong>pro</strong></span> <span class='ocrx_word' id='word_1_120' title='bbox 284 2223 408 2318; x_wconf 79' lang='lat' dir='ltr'><strong>dignis</strong></span> <span class='ocrx_word' id='word_1_121' title='bbox 420 2226 571 2313; x_wconf 87' lang='lat' dir='ltr'><strong>habere,</strong></span> <span class='ocrx_word' id='word_1_122' title='bbox 587 2249 668 2320; x_wconf 85' lang='lat' dir='ltr'><strong>quae</strong></span> <span class='ocrx_word' id='word_1_123' title='bbox 686 2223 726 2296; x_wconf 93' lang='lat' dir='ltr'><strong>in</strong></span> <span class='ocrx_word' id='word_1_124' title='bbox 743 2247 849 2296; x_wconf 90' lang='lat' dir='ltr'><strong>meos</strong></span> <span class='ocrx_word' id='word_1_125' title='bbox 866 2224 1020 2310; x_wconf 86' lang='lat' dir='ltr'><strong>annales</strong></span> <span class='ocrx_word' id='word_1_126' title='bbox 1036 2221 1217 2296; x_wconf 73' lang='lat' dir='ltr'><strong>referam.²</strong></span> 
     </span>
     <span class='ocr_line' id='line_1_20' title="bbox 172 2320 1216 2419; baseline 0 -25"><span class='ocrx_word' id='word_1_127' title='bbox 172 2321 282 2394; x_wconf 86' lang='lat' dir='ltr'><strong>Idem</strong></span> <span class='ocrx_word' id='word_1_128' title='bbox 298 2323 381 2396; x_wconf 90' lang='lat' dir='ltr'><strong>aliis</strong></span> <span class='ocrx_word' id='word_1_129' title='bbox 393 2324 488 2396; x_wconf 90' lang='lat' dir='ltr'><strong>locis</strong></span> <span class='ocrx_word' id='word_1_130' title='bbox 504 2330 606 2396; x_wconf 89' lang='lat' dir='ltr'><strong>recte</strong></span> <span class='ocrx_word' id='word_1_131' title='bbox 617 2321 827 2419; x_wconf 79' lang='lat' dir='ltr'><strong>judicat&#39;de</strong></span> <span class='ocrx_word' id='word_1_132' title='bbox 838 2320 1036 2418; x_wconf 88' lang='lat' dir='ltr'><strong>prodigiis,</strong></span> <span class='ocrx_word' id='word_1_133' title='bbox 1049 2346 1085 2394; x_wconf 89' lang='lat' dir='ltr'><strong>v.</strong></span> <span class='ocrx_word' id='word_1_134' title='bbox 1105 2345 1137 2394; x_wconf 90' lang='lat' dir='ltr'><strong>c.</strong></span> <span class='ocrx_word' id='word_1_135' title='bbox 1154 2324 1216 2411; x_wconf 82' lang='lat'><strong>21,</strong></span> 
     </span>
     <span class='ocr_line' id='line_1_21' title="bbox 173 2419 1217 2516; baseline -0.001 -22"><span class='ocrx_word' id='word_1_136' title='bbox 173 2421 233 2494; x_wconf 85' lang='lat'><strong>62.</strong></span> <span class='ocrx_word' id='word_1_137' title='bbox 251 2423 312 2509; x_wconf 79' lang='lat'><strong>24,</strong></span> <span class='ocrx_word' id='word_1_138' title='bbox 331 2423 389 2495; x_wconf 91' lang='grc'><strong>10.</strong></span> <span class='ocrx_word' id='word_1_139' title='bbox 407 2423 468 2496; x_wconf 81' lang='grc'><strong>44.</strong></span> <span class='ocrx_word' id='word_1_140' title='bbox 488 2429 526 2495; x_wconf 90' lang='lat' dir='ltr'><strong>et</strong></span> <span class='ocrx_word' id='word_1_141' title='bbox 550 2420 611 2509; x_wconf 82' lang='lat'><strong>27,</strong></span> <span class='ocrx_word' id='word_1_142' title='bbox 631 2423 691 2494; x_wconf 78' lang='lat'><strong>23.</strong></span> <span class='ocrx_word' id='word_1_143' title='bbox 710 2420 849 2516; x_wconf 90' lang='lat' dir='ltr'><strong>quibus</strong></span> <span class='ocrx_word' id='word_1_144' title='bbox 866 2419 968 2510; x_wconf 91' lang='lat' dir='ltr'><strong>dicit,</strong></span> <span class='ocrx_word' id='word_1_145' title='bbox 985 2421 1105 2493; x_wconf 90' lang='lat' dir='ltr'><strong>multa</strong></span> <span class='ocrx_word' id='word_1_146' title='bbox 1128 2444 1217 2493; x_wconf 91' lang='lat' dir='ltr'><strong>ocu-</strong></span> 
     </span>
     <span class='ocr_line' id='line_1_22' title="bbox 172 2518 1217 2617; baseline -0.001 -24"><span class='ocrx_word' id='word_1_147' title='bbox 172 2521 297 2593; x_wconf 90' lang='lat' dir='ltr'><strong>lorum</strong></span> <span class='ocrx_word' id='word_1_148' title='bbox 327 2519 548 2617; x_wconf 86' lang='lat' dir='ltr'><strong>auriumque</strong></span> <span class='ocrx_word' id='word_1_149' title='bbox 577 2518 749 2609; x_wconf 89' lang='lat' dir='ltr'><strong>ludibria,</strong></span> <span class='ocrx_word' id='word_1_150' title='bbox 778 2518 893 2593; x_wconf 90' lang='lat' dir='ltr'><strong>motis</strong></span> <span class='ocrx_word' id='word_1_151' title='bbox 921 2519 1037 2592; x_wconf 89' lang='lat' dir='ltr'><strong>semel</strong></span> <span class='ocrx_word' id='word_1_152' title='bbox 1068 2518 1109 2590; x_wconf 92' lang='lat' dir='ltr'><strong>in</strong></span> <span class='ocrx_word' id='word_1_153' title='bbox 1133 2520 1217 2592; x_wconf 87' lang='lat' dir='ltr'><strong>reli-</strong></span> 
     </span>
     <span class='ocr_line' id='line_1_23' title="bbox 132 2617 1215 2717; baseline 0 -26"><span class='ocrx_word' id='word_1_154' title='bbox 132 2710 139 2717; x_wconf 32' lang='lat'><em>·</em></span> <span class='ocrx_word' id='word_1_155' title='bbox 172 2618 326 2714; x_wconf 88' lang='lat' dir='ltr'><strong>gionem</strong></span> <span class='ocrx_word' id='word_1_156' title='bbox 341 2619 498 2706; x_wconf 82' lang='lat' dir='ltr'><strong>animis,</strong></span> <span class='ocrx_word' id='word_1_157' title='bbox 526 2628 667 2693; x_wconf 87' lang='lat' dir='ltr'><strong>temere</strong></span> <span class='ocrx_word' id='word_1_158' title='bbox 694 2642 763 2716; x_wconf 90' lang='lat' dir='ltr'><strong>pro</strong></span> <span class='ocrx_word' id='word_1_159' title='bbox 789 2618 886 2693; x_wconf 88' lang='lat' dir='ltr'><strong>veris</strong></span> <span class='ocrx_word' id='word_1_160' title='bbox 918 2617 1034 2704; x_wconf 82' lang='lat' dir='ltr'><strong>fuisse</strong></span> <span class='ocrx_word' id='word_1_161' title='bbox 1061 2618 1215 2707; x_wconf 85' lang='lat' dir='ltr'><strong>credita,</strong></span> 
     </span>
     <span class='ocr_line' id='line_1_24' title="bbox 172 2716 1217 2889; baseline 0.002 -100"><span class='ocrx_word' id='word_1_162' title='bbox 172 2722 211 2889; x_wconf 58' lang='lat' dir='ltr'><strong>{t</strong></span> <span class='ocrx_word' id='word_1_163' title='bbox 240 2740 392 2814; x_wconf 88' lang='lat' dir='ltr'><strong>pravam</strong></span> <span class='ocrx_word' id='word_1_164' title='bbox 424 2717 648 2816; x_wconf 88' lang='lat' dir='ltr'><strong>religionem</strong></span> <span class='ocrx_word' id='word_1_165' title='bbox 678 2718 792 2795; x_wconf 90' lang='lat' dir='ltr'><strong>ctiam</strong></span> <span class='ocrx_word' id='word_1_166' title='bbox 821 2716 988 2803; x_wconf 85' lang='lat' dir='ltr'><strong>minimis</strong></span> <span class='ocrx_word' id='word_1_167' title='bbox 1013 2716 1217 2802; x_wconf 85' lang='lat' dir='ltr'><strong>inseruisse</strong></span> 
     </span>
     <span class='ocr_line' id='line_1_25' title="bbox 198 2840 1226 2889; baseline 0.002 -1"><span class='ocrx_word' id='word_1_168' title='bbox 198 2840 274 2889; x_wconf 92' lang='lat' dir='ltr'><strong>eos.</strong></span> <span class='ocrx_word' id='word_1_169' title='bbox 1223 2867 1226 2872; x_wconf 85' lang='lat'><em>-</em></span> 
     </span>
     <span class='ocr_line' id='line_1_26' title="bbox 220 2914 1217 3012; baseline 0.002 -23"><span class='ocrx_word' id='word_1_170' title='bbox 220 2914 341 2991; x_wconf 86' lang='lat' dir='ltr'><strong>Fuere</strong></span> <span class='ocrx_word' id='word_1_171' title='bbox 360 2916 474 2993; x_wconf 85' lang='lat' dir='ltr'><strong>etiam</strong></span> <span class='ocrx_word' id='word_1_172' title='bbox 491 2926 530 2993; x_wconf 92' lang='lat' dir='ltr'><strong>et</strong></span> <span class='ocrx_word' id='word_1_173' title='bbox 546 2914 670 3003; x_wconf 77' lang='lat' dir='ltr'><strong>olim⁵⁰</strong></span> <span class='ocrx_word' id='word_1_174' title='bbox 686 2924 725 2993; x_wconf 91' lang='lat' dir='ltr'><strong>et</strong></span> <span class='ocrx_word' id='word_1_175' title='bbox 739 2916 864 3007; x_wconf 88' lang='lat' dir='ltr'><strong>hodie,</strong></span> <span class='ocrx_word' id='word_1_176' title='bbox 875 2914 940 3012; x_wconf 91' lang='lat' dir='ltr'><strong>qui</strong></span> <span class='ocrx_word' id='word_1_177' title='bbox 957 2914 1118 2991; x_wconf 88' lang='lat' dir='ltr'><strong>nimium</strong></span> <span class='ocrx_word' id='word_1_178' title='bbox 1133 2940 1217 2991; x_wconf 85' lang='lat' dir='ltr'><strong>ora-</strong></span> 
     </span>
     <span class='ocr_line' id='line_1_27' title="bbox 172 3013 1219 3114; baseline 0.006 -29"><span class='ocrx_word' id='word_1_179' title='bbox 172 3013 283 3097; x_wconf 87' lang='lat' dir='ltr'><strong>tionis</strong></span> <span class='ocrx_word' id='word_1_180' title='bbox 300 3025 476 3091; x_wconf 89' lang='lat' dir='ltr'><strong>omatum</strong></span> <span class='ocrx_word' id='word_1_181' title='bbox 502 3026 542 3091; x_wconf 89' lang='lat' dir='ltr'><strong>et</strong></span> <span class='ocrx_word' id='word_1_182' title='bbox 566 3016 789 3114; x_wconf 75' lang='lat' dir='ltr'><strong>eloquentia</strong></span> <span class='ocrx_word' id='word_1_183' title='bbox 812 3015 980 3091; x_wconf 90' lang='lat' dir='ltr'><strong>studium</strong></span> <span class='ocrx_word' id='word_1_184' title='bbox 996 3016 1219 3111; x_wconf 87' lang='lat' dir='ltr'><strong>neutiquam</strong></span> 
     </span>
     <span class='ocr_line' id='line_1_28' title="bbox 171 3114 1219 3214; baseline -0.002 -27"><span class='ocrx_word' id='word_1_185' title='bbox 171 3115 376 3209; x_wconf 80' lang='lat' dir='ltr'><strong>probarunt</strong></span> <span class='ocrx_word' id='word_1_186' title='bbox 391 3114 432 3191; x_wconf 91' lang='lat' dir='ltr'><strong>in</strong></span> <span class='ocrx_word' id='word_1_187' title='bbox 447 3115 638 3191; x_wconf 89' lang='lat' dir='ltr'><strong>historico.</strong></span> <span class='ocrx_word' id='word_1_188' title='bbox 702 3116 754 3190; x_wconf 89' lang='lat' dir='ltr'><strong>Et</strong></span> <span class='ocrx_word' id='word_1_189' title='bbox 777 3115 942 3206; x_wconf 85' lang='lat' dir='ltr'><strong>rectehi</strong></span> <span class='ocrx_word' id='word_1_190' title='bbox 966 3116 1135 3214; x_wconf 84' lang='lat' dir='ltr'><strong>judicare</strong></span> <span class='ocrx_word' id='word_1_191' title='bbox 1162 3115 1219 3185; x_wconf 86' lang='lat' dir='ltr'><strong>vi-</strong></span> 
     </span>
     <span class='ocr_line' id='line_1_29' title="bbox 174 3210 1219 3311; baseline 0.002 -28"><span class='ocrx_word' id='word_1_192' title='bbox 174 3210 327 3286; x_wconf 88' lang='lat' dir='ltr'><strong>dentur:</strong></span> <span class='ocrx_word' id='word_1_193' title='bbox 340 3284 343 3289; x_wconf 87' lang='grc'><em>,</em></span> <span class='ocrx_word' id='word_1_194' title='bbox 357 3236 447 3289; x_wconf 86' lang='lat' dir='ltr'><strong>nam</strong></span> <span class='ocrx_word' id='word_1_195' title='bbox 471 3214 683 3311; x_wconf 88' lang='lat' dir='ltr'><strong>scriptores,</strong></span> <span class='ocrx_word' id='word_1_196' title='bbox 711 3218 774 3309; x_wconf 91' lang='lat' dir='ltr'><strong>qui</strong></span> <span class='ocrx_word' id='word_1_197' title='bbox 800 3213 960 3289; x_wconf 87' lang='lat' dir='ltr'><strong>oratoria</strong></span> <span class='ocrx_word' id='word_1_198' title='bbox 986 3220 1219 3301; x_wconf 70' lang='lat' dir='ltr'><strong>momenta,</strong></span> 
     </span>
     <span class='ocr_line' id='line_1_30' title="bbox 174 3308 1219 3409; baseline 0.003 -28"><span class='ocrx_word' id='word_1_199' title='bbox 174 3308 377 3405; x_wconf 84' lang='lat' dir='ltr'><strong>elegantias</strong></span> <span class='ocrx_word' id='word_1_200' title='bbox 403 3319 443 3385; x_wconf 88' lang='lat' dir='ltr'><strong>et</strong></span> <span class='ocrx_word' id='word_1_201' title='bbox 465 3312 576 3385; x_wconf 88' lang='lat' dir='ltr'><strong>flores</strong></span> <span class='ocrx_word' id='word_1_202' title='bbox 602 3313 797 3401; x_wconf 86' lang='lat' dir='ltr'><strong>sermonis,</strong></span> <span class='ocrx_word' id='word_1_203' title='bbox 822 3313 1094 3407; x_wconf 87' lang='lat' dir='ltr'><strong>rhetorumque</strong></span> <span class='ocrx_word' id='word_1_204' title='bbox 1117 3312 1219 3409; x_wconf 86' lang='lat' dir='ltr'><strong>lecy-</strong></span> 
     </span>
     <span class='ocr_line' id='line_1_31' title="bbox 174 3406 1225 3508; baseline 0.002 -27"><span class='ocrx_word' id='word_1_205' title='bbox 174 3406 273 3499; x_wconf 92' lang='lat' dir='ltr'><strong>thos,</strong></span> <span class='ocrx_word' id='word_1_206' title='bbox 291 3417 333 3483; x_wconf 90' lang='lat' dir='ltr'><strong>et</strong></span> <span class='ocrx_word' id='word_1_207' title='bbox 344 3410 537 3505; x_wconf 87' lang='lat' dir='ltr'><strong>pigmenta</strong></span> <span class='ocrx_word' id='word_1_208' title='bbox 552 3417 753 3494; x_wconf 86' lang='lat' dir='ltr'><strong>sectantur,</strong></span> <span class='ocrx_word' id='word_1_209' title='bbox 767 3406 951 3507; x_wconf 85' lang='lat' dir='ltr'><strong>majorem</strong></span> <span class='ocrx_word' id='word_1_210' title='bbox 962 3433 1068 3507; x_wconf 83' lang='lat' dir='ltr'><strong>paene</strong></span> <span class='ocrx_word' id='word_1_211' title='bbox 1086 3411 1225 3508; x_wconf 72' lang='lat' dir='ltr'><strong>verbo-¹</strong></span> 
     </span>
    </p>
   </div>
   <div class='ocr_carea' id='block_1_3' title="bbox 173 3508 1322 3605">
    <p class='ocr_par' dir='ltr' id='par_1_4' title="bbox 173 3508 1322 3605">
     <span class='ocr_line' id='line_1_32' title="bbox 173 3508 1322 3605; baseline 0.001 -26"><span class='ocrx_word' id='word_1_212' title='bbox 173 3528 260 3579; x_wconf 86' lang='lat' dir='ltr'><strong>rum</strong></span> <span class='ocrx_word' id='word_1_213' title='bbox 287 3530 401 3602; x_wconf 89' lang='lat' dir='ltr'><strong>quam</strong></span> <span class='ocrx_word' id='word_1_214' title='bbox 432 3530 571 3597; x_wconf 89' lang='lat' dir='ltr'><strong>rerum,</strong></span> <span class='ocrx_word' id='word_1_215' title='bbox 594 3508 798 3605; x_wconf 78' lang='lat' dir='ltr'><strong>¹voluptatis</strong></span> <span class='ocrx_word' id='word_1_216' title='bbox 828 3533 942 3605; x_wconf 90' lang='lat' dir='ltr'><strong>quam</strong></span> <span class='ocrx_word' id='word_1_217' title='bbox 971 3508 1151 3598; x_wconf 79' lang='lat' dir='ltr'><strong>utilitatis,</strong></span> <span class='ocrx_word' id='word_1_218' title='bbox 1180 3517 1219 3580; x_wconf 88' lang='lat' dir='ltr'><strong>ct</strong></span> <span class='ocrx_word' id='word_1_219' title='bbox 1318 3514 1322 3521; x_wconf 85' lang='grc'><strong>’</strong></span> 
     </span>
    </p>
   </div>
   <div class='ocr_carea' id='block_1_4' title="bbox 173 3604 1220 4202">
    <p class='ocr_par' dir='ltr' id='par_1_5' title="bbox 173 3604 1220 4202">
     <span class='ocr_line' id='line_1_33' title="bbox 174 3604 1218 3704; baseline 0.003 -27"><span class='ocrx_word' id='word_1_220' title='bbox 174 3604 352 3679; x_wconf 85' lang='lat' dir='ltr'><strong>doctrinae</strong></span> <span class='ocrx_word' id='word_1_221' title='bbox 372 3606 590 3703; x_wconf 88' lang='lat' dir='ltr'><strong>ingeniique</strong></span> <span class='ocrx_word' id='word_1_222' title='bbox 609 3607 824 3685; x_wconf 88' lang='lat' dir='ltr'><strong>ostentandi</strong></span> <span class='ocrx_word' id='word_1_223' title='bbox 848 3632 962 3704; x_wconf 88' lang='lat' dir='ltr'><strong>quam</strong></span> <span class='ocrx_word' id='word_1_224' title='bbox 978 3608 1143 3683; x_wconf 89' lang='lat' dir='ltr'><strong>veritatis</strong></span> <span class='ocrx_word' id='word_1_225' title='bbox 1159 3608 1218 3680; x_wconf 91' lang='lat' dir='ltr'><strong>in·</strong></span> 
     </span>
     <span class='ocr_line' id='line_1_34' title="bbox 173 3704 1219 3802; baseline 0.003 -25"><span class='ocrx_word' id='word_1_226' title='bbox 173 3704 401 3800; x_wconf 74' lang='lat' dir='ltr'><strong>vestiganda</strong></span> <span class='ocrx_word' id='word_1_227' title='bbox 428 3728 566 3785; x_wconf 78' lang='lat' dir='ltr'><strong>curam,</strong></span> <span class='ocrx_word' id='word_1_228' title='bbox 580 3705 716 3780; x_wconf 89' lang='lat' dir='ltr'><strong>habere</strong></span> <span class='ocrx_word' id='word_1_229' title='bbox 743 3708 878 3782; x_wconf 89' lang='lat' dir='ltr'><strong>solent.</strong></span> <span class='ocrx_word' id='word_1_230' title='bbox 943 3706 1079 3802; x_wconf 88' lang='lat' dir='ltr'><strong>Neque</strong></span> <span class='ocrx_word' id='word_1_231' title='bbox 1104 3707 1219 3780; x_wconf 85' lang='lat' dir='ltr'><strong>etiarn</strong></span> 
     </span>
     <span class='ocr_line' id='line_1_35' title="bbox 174 3803 1220 3903; baseline 0.002 -28"><span class='ocrx_word' id='word_1_232' title='bbox 174 3810 378 3883; x_wconf 73' lang='lat' dir='ltr'><strong>tamnaco</strong></span> <span class='ocrx_word' id='word_1_233' title='bbox 403 3803 508 3879; x_wconf 86' lang='lat' dir='ltr'><strong>Livii.</strong></span> <span class='ocrx_word' id='word_1_234' title='bbox 524 3828 652 3879; x_wconf 86' lang='lat' dir='ltr'><strong>amore</strong></span> <span class='ocrx_word' id='word_1_235' title='bbox 676 3816 810 3903; x_wconf 90' lang='lat' dir='ltr'><strong>captus</strong></span> <span class='ocrx_word' id='word_1_236' title='bbox 832 3829 930 3894; x_wconf 88' lang='lat' dir='ltr'><strong>sum,</strong></span> <span class='ocrx_word' id='word_1_237' title='bbox 946 3816 992 3880; x_wconf 93' lang='lat' dir='ltr'><strong>ut</strong></span> <span class='ocrx_word' id='word_1_238' title='bbox 1016 3806 1057 3877; x_wconf 92' lang='lat' dir='ltr'><strong>iu</strong></span> <span class='ocrx_word' id='word_1_239' title='bbox 1081 3806 1151 3877; x_wconf 89' lang='lat' dir='ltr'><strong>hac</strong></span> <span class='ocrx_word' id='word_1_240' title='bbox 1177 3828 1220 3877; x_wconf 93' lang='lat' dir='ltr'><strong>re</strong></span> 
     </span>
     <span class='ocr_line' id='line_1_36' title="bbox 175 3900 1218 4003; baseline 0.001 -30"><span class='ocrx_word' id='word_1_241' title='bbox 175 3900 267 3974; x_wconf 93' lang='lat' dir='ltr'><strong>nihil</strong></span> <span class='ocrx_word' id='word_1_242' title='bbox 281 3904 328 3975; x_wconf 85' lang='lat' dir='ltr'><strong>ab</strong></span> <span class='ocrx_word' id='word_1_243' title='bbox 342 3927 388 3976; x_wconf 89' lang='lat' dir='ltr'><strong>eo</strong></span> <span class='ocrx_word' id='word_1_244' title='bbox 399 3912 598 4001; x_wconf 86' lang='lat' dir='ltr'><strong>peccatum</strong></span> <span class='ocrx_word' id='word_1_245' title='bbox 616 3927 697 3987; x_wconf 88' lang='lat' dir='ltr'><strong>esse</strong></span> <span class='ocrx_word' id='word_1_246' title='bbox 713 3904 955 4003; x_wconf 86' lang='lat' dir='ltr'><strong>contendam.</strong></span> <span class='ocrx_word' id='word_1_247' title='bbox 1008 3903 1218 3990; x_wconf 88' lang='lat' dir='ltr'><strong>Orationes,</strong></span> 
     </span>
     <span class='ocr_line' id='line_1_37' title="bbox 176 4000 1219 4101; baseline -0.002 -26"><span class='ocrx_word' id='word_1_248' title='bbox 176 4000 319 4098; x_wconf 88' lang='lat' dir='ltr'><strong>exejus</strong></span> <span class='ocrx_word' id='word_1_249' title='bbox 336 4002 414 4075; x_wconf 87' lang='lat' dir='ltr'><strong>fere</strong></span> <span class='ocrx_word' id='word_1_250' title='bbox 431 4002 584 4100; x_wconf 87' lang='lat' dir='ltr'><strong>ingenio</strong></span> <span class='ocrx_word' id='word_1_251' title='bbox 601 4003 789 4101; x_wconf 85' lang='lat' dir='ltr'><strong>profectae,</strong></span> <span class='ocrx_word' id='word_1_252' title='bbox 807 4004 919 4077; x_wconf 91' lang='lat' dir='ltr'><strong>nimis</strong></span> <span class='ocrx_word' id='word_1_253' title='bbox 936 4003 1061 4076; x_wconf 87' lang='lat' dir='ltr'><strong>forsan</strong></span> <span class='ocrx_word' id='word_1_254' title='bbox 1083 4003 1219 4075; x_wconf 66' lang='lat' dir='ltr'><strong>crebrae</strong></span> 
     </span>
     <span class='ocr_line' id='line_1_38' title="bbox 175 4102 1216 4202; baseline 0.002 -29"><span class='ocrx_word' id='word_1_255' title='bbox 175 4109 214 4174; x_wconf 91' lang='lat' dir='ltr'><strong>et</strong></span> <span class='ocrx_word' id='word_1_256' title='bbox 231 4124 327 4198; x_wconf 85' lang='lat' dir='ltr'><strong>saepe</strong></span> <span class='ocrx_word' id='word_1_257' title='bbox 340 4102 445 4199; x_wconf 88' lang='lat' dir='ltr'><strong>justo</strong></span> <span class='ocrx_word' id='word_1_258' title='bbox 462 4104 653 4200; x_wconf 87' lang='lat' dir='ltr'><strong>longiores</strong></span> <span class='ocrx_word' id='word_1_259' title='bbox 671 4111 770 4194; x_wconf 88' lang='lat' dir='ltr'><strong>sunt,</strong></span> <span class='ocrx_word' id='word_1_260' title='bbox 783 4103 891 4202; x_wconf 87' lang='lat' dir='ltr'><strong>copia</strong></span> <span class='ocrx_word' id='word_1_261' title='bbox 908 4103 1094 4177; x_wconf 88' lang='lat' dir='ltr'><strong>variorum</strong></span> <span class='ocrx_word' id='word_1_262' title='bbox 1111 4124 1216 4175; x_wconf 88' lang='lat' dir='ltr'><strong>oma-</strong></span> 
     </span>
    </p>
   </div>
   <div class='ocr_carea' id='block_1_5' title="bbox 177 4292 1221 4513">
    <p class='ocr_par' dir='ltr' id='par_1_6' title="bbox 177 4292 1221 4513">
     <span class='ocr_line' id='line_1_39' title="bbox 208 4292 1221 4365; baseline -0.005 -17"><span class='ocrx_word' id='word_1_263' title='bbox 208 4297 230 4333; x_wconf 69' lang='lat'><strong>50</strong></span> <span class='ocrx_word' id='word_1_264' title='bbox 246 4316 269 4347; x_wconf 79' lang='lat' dir='ltr'><strong>v.</strong></span> <span class='ocrx_word' id='word_1_265' title='bbox 285 4316 306 4349; x_wconf 87' lang='lat' dir='ltr'><strong>c.</strong></span> <span class='ocrx_word' id='word_1_266' title='bbox 324 4292 435 4350; x_wconf 76' lang='lat' dir='ltr'><strong>Lucinam</strong></span> <span class='ocrx_word' id='word_1_267' title='bbox 451 4302 480 4351; x_wconf 81' lang='lat' dir='ltr'><strong>dc</strong></span> <span class='ocrx_word' id='word_1_268' title='bbox 500 4299 566 4350; x_wconf 80' lang='lat' dir='ltr'><strong>scrib.</strong></span> <span class='ocrx_word' id='word_1_269' title='bbox 582 4294 637 4349; x_wconf 70' lang='lat' dir='ltr'><strong>hiat.</strong></span> <span class='ocrx_word' id='word_1_270' title='bbox 654 4303 678 4349; x_wconf 86' lang='lat'><strong>9.</strong></span> <span class='ocrx_word' id='word_1_271' title='bbox 710 4316 752 4353; x_wconf 80' lang='lat' dir='ltr'><strong>nec</strong></span> <span class='ocrx_word' id='word_1_272' title='bbox 768 4300 812 4349; x_wconf 75' lang='lat' dir='ltr'><strong>nisi</strong></span> <span class='ocrx_word' id='word_1_273' title='bbox 822 4299 927 4364; x_wconf 80' lang='lat' dir='ltr'><strong>obliquas</strong></span> <span class='ocrx_word' id='word_1_274' title='bbox 944 4301 969 4347; x_wconf 85' lang='lat' dir='ltr'><strong>in</strong></span> <span class='ocrx_word' id='word_1_275' title='bbox 983 4296 1075 4347; x_wconf 69' lang='lat' dir='ltr'><strong>binaria</strong></span> <span class='ocrx_word' id='word_1_276' title='bbox 1084 4294 1221 4365; x_wconf 70' lang='lat' dir='ltr'><strong>referendas</strong></span> 
     </span>
     <span class='ocr_line' id='line_1_40' title="bbox 177 4362 1219 4431; baseline 0.005 -21"><span class='ocrx_word' id='word_1_277' title='bbox 177 4364 216 4411; x_wconf 79' lang='lat'><strong>57.</strong></span> <span class='ocrx_word' id='word_1_278' title='bbox 234 4376 258 4413; x_wconf 86' lang='lat' dir='ltr'><strong>ct</strong></span> <span class='ocrx_word' id='word_1_279' title='bbox 280 4368 340 4431; x_wconf 84' lang='lat' dir='ltr'><strong>inpr.</strong></span> <span class='ocrx_word' id='word_1_280' title='bbox 358 4368 473 4418; x_wconf 79' lang='lat' dir='ltr'><strong>Diodorus</strong></span> <span class='ocrx_word' id='word_1_281' title='bbox 493 4368 540 4415; x_wconf 87' lang='lat' dir='ltr'><strong>Sic.</strong></span> <span class='ocrx_word' id='word_1_282' title='bbox 557 4365 682 4417; x_wconf 77' lang='lat' dir='ltr'><strong>Orationes</strong></span> <span class='ocrx_word' id='word_1_283' title='bbox 714 4366 804 4415; x_wconf 75' lang='lat' dir='ltr'><strong>conruit</strong></span> <span class='ocrx_word' id='word_1_284' title='bbox 822 4365 945 4431; x_wconf 66' lang='lat' dir='ltr'><strong>Pompeias</strong></span> <span class='ocrx_word' id='word_1_285' title='bbox 961 4363 1065 4426; x_wconf 65' lang='lat' dir='ltr'><strong>&#39;frosm</strong></span> <span class='ocrx_word' id='word_1_286' title='bbox 1086 4362 1115 4414; x_wconf 78' lang='lat' dir='ltr'><strong>dc</strong></span> <span class='ocrx_word' id='word_1_287' title='bbox 1130 4377 1177 4426; x_wconf 85' lang='lat' dir='ltr'><strong>quo</strong></span> <span class='ocrx_word' id='word_1_288' title='bbox 1195 4375 1219 4415; x_wconf 72' lang='lat' dir='ltr'><strong>v·</strong></span> 
     </span>
     <span class='ocr_line' id='line_1_41' title="bbox 178 4428 875 4513; baseline 0.003 -35"><span class='ocrx_word' id='word_1_289' title='bbox 178 4445 252 4483; x_wconf 71' lang='lat' dir='ltr'><strong>recres</strong></span> <span class='ocrx_word' id='word_1_290' title='bbox 261 4430 285 4485; x_wconf 86' lang='lat' dir='ltr'><strong>in</strong></span> <span class='ocrx_word' id='word_1_291' title='bbox 297 4434 363 4485; x_wconf 84' lang='lat' dir='ltr'><strong>Liria</strong></span> <span class='ocrx_word' id='word_1_292' title='bbox 372 4444 396 4483; x_wconf 81' lang='lat' dir='ltr'><strong>ct</strong></span> <span class='ocrx_word' id='word_1_293' title='bbox 408 4432 515 4484; x_wconf 80' lang='lat' dir='ltr'><strong>Sallustio</strong></span> <span class='ocrx_word' id='word_1_294' title='bbox 526 4432 685 4497; x_wconf 76' lang='lat' dir='ltr'><strong>reprehendit,</strong></span> <span class='ocrx_word' id='word_1_295' title='bbox 715 4428 803 4513; x_wconf 74' lang='lat' dir='ltr'><strong>lustin.</strong></span> <span class='ocrx_word' id='word_1_296' title='bbox 813 4431 875 4493; x_wconf 65' lang='lat' dir='ltr'><strong>aaa</strong></span> 
     </span>
    </p>
   </div>
   <div class='ocr_carea' id='block_1_6' title="bbox 0 0 1597 5200">
    <p class='ocr_par' dir='ltr' id='par_1_7' title="bbox 0 0 1597 5200">
     <span class='ocr_line' id='line_1_42' title="bbox 0 0 1597 5200; baseline 0 0"><span class='ocrx_word' id='word_1_297' title='bbox 0 0 1597 5200; x_wconf 95' lang='lat' dir='ltr'><strong> </strong></span> 
     </span>
    </p>
   </div>
  </div>
 </body>
</html>
