3175 5200
149 539 153 545 ·
213 526 352 584 mnata.
383 518 503 601 ‘quum
518 514 704 601 stipendium
718 521 898 597 extorquere
911 514 1071 593 volueriut,
1090 534 1171 579 nnnc
1191 515 1368 579 consrrltum
1383 534 1433 575 re-

213 594 245 643 A.
255 594 285 649 ⁰·
294 599 351 647 ⁴⁰⁰·
384 606 395 639 ‘
410 616 501 689 pente
511 605 627 681 volunt,
638 600 726 683 quale
737 600 806 663 est?
830 597 952 663 Vallum
967 600 1150 682 fossamque,
1164 602 1299 684 ingentis
1313 613 1433 665 unam-

243 678 256 695 *
385 692 468 773 ‘que
483 710 546 753 rem
561 688 671 771 operis,
685 708 739 769 per
754 698 874 772 tarrmm
896 688 986 769 spatii
1001 687 1172 750 duxeruut:
1195 687 1321 749 castella
1332 687 1434 771 primo

385 779 519 860 ‘pauca,
534 785 652 857 postea,
673 773 808 836 exercitu
828 784 932 849 aucto,
952 774 1135 836 creberrima
1150 774 1307 837 secenmtz
1329 774 1433 845 muni-

385 867 395 897 ‘
411 863 509 927 tiones
521 880 582 922 non
593 860 625 921 in
635 860 740 921 urbem
749 859 855 936 modo,
865 860 919 921 sed
928 859 961 920 in
971 857 1126 921 Etnrriam
1137 860 1231 922 etiam
1245 870 1432 941 spectantes,

385 948 436 1009 ‘si
453 968 513 1029 qua
530 947 601 1009 inde
620 945 731 1007 auxilia
753 945 888 1023 veniant,
909 945 1086 1029 obposuere.
1130 946 1212 1017 Quid
1227 957 1333 1024 turres,
1354 946 1432 1026 quid

386 1034 547 1096 ‘¹¹vineas
571 1032 830 1112 ¹²testudinesque
853 1042 886 1093 et
908 1031 1001 1093 alium
1023 1032 1294 1114 obpugnande'rum
1308 1031 1431 1093 urbium

385 1122 396 1153 ‘
411 1120 591 1201 adparatum
607 1117 732 1201 loquer?
773 1118 874 1193 Quum
885 1127 1005 1180 tantum
1017 1118 1130 1179 laboris
1143 1119 1320 1179 exhausnrm
1331 1118 1382 1194 sit,
1394 1128 1430 1179 et

385 1206 396 1239 ‘
412 1206 452 1268 od
462 1205 553 1268 finem
563 1204 630 1286 jem
645 1205 743 1287 operis
754 1204 880 1266 tandem
889 1201 1088 1286 perventum3
1112 1204 1343 1285 relinquendane
1358 1204 1427 1265 hae

341 1292 344 1297 ’
386 1292 551 1370 ‘censetis,
570 1302 605 1353 ut
619 1290 660 1352 ed
674 1300 809 1353 estatem
831 1310 930 1351 rursus
952 1311 1047 1351 novus
1070 1289 1109 1351 de
1129 1290 1248 1371 integro
1268 1290 1315 1351 his
1335 1289 1428 1352 insti-

386 1378 534 1441 ‘tuendis
557 1377 719 1447 exsudetur
743 1375 849 1437 labor?
888 1375 1014 1444 Quanto
1042 1385 1090 1435 est
1111 1375 1210 1437 minus
1235 1395 1327 1457 opera
1347 1376 1429 1437 tueri

385 1464 505 1543 ‘saeta
527 1475 559 1525 et
581 1464 705 1540 instare,
729 1473 762 1524 et
784 1481 985 1544 perseverare,
1005 1459 1188 1542 defungique
1207 1461 1300 1525 cura?
1324 1459 1429 1523 Brevia

386 1551 493 1611 ‘enim
507 1549 644 1633 ppofecto
660 1570 706 1610 res
722 1558 778 1622 est,
804 1547 830 1605 si
850 1565 912 1606 uno
932 1557 1037 1609 tenore
1053 1548 1217 1628 peragitur,
1231 1568 1288 1609 nec
1304 1547 1361 1632 ipsi
1375 1568 1430 1629 per

385 1626 646 1697 ‘intermissiones
669 1634 724 1693 has
751 1629 969 1711 intervallaque
993 1632 1152 1694 lentiorem
1181 1653 1267 1715 spem
1292 1646 1430 1696 nostram

385 1722 547 1783 ‘facimus
563 1721 669 1800 loquor
684 1717 722 1777 de
742 1735 845 1797 opere,
868 1729 901 1778 et
923 1717 961 1779 de
986 1718 1129 1800 temporis
1143 1717 1276 1799 jactura.
1320 1718 1427 1789 Quid?

385 1806 546 1889 ‘periculi,
570 1803 652 1885 quod
678 1802 845 1863 differendo
864 1803 945 1864 bello
969 1804 1093 1881 adimus,
1116 1824 1188 1865 num
1209 1804 1345 1865 oblivisci
1366 1825 1425 1867 nos

385 1894 396 1927 ‘
410 1894 474 1955 brec
487 1902 552 1953 tarn
566 1890 672 1953 erebra
685 1886 813 1950 Etruria
826 1889 958 1951 concilia
971 1890 1008 1950 de
1022 1889 1176 1951 mittendis
1190 1887 1284 1952 Veios
1301 1890 1423 1951 auxiliis

384 1975 587 2059 ‘patiunturl
621 1972 680 2037 Ut
708 1994 788 2036 nunc
815 1995 862 2035 res
883 1996 916 2035 se
943 1975 1044 2053 habet,
1072 1975 1141 2037 irati
1167 1990 1247 2052 sunt,
1281 1974 1424 2053 oderunt,

385 2064 525 2145 ‘negant
539 2062 700 2124 missuros:
724 2070 871 2142 quantum
894 2055 1000 2121 inillis
1022 2073 1080 2138 est,
1104 2082 1212 2144 capere
1227 2059 1320 2123 Veios
1339 2062 1425 2123 lieet.

386 2149 477 2231 ‘quis
488 2159 545 2227 est,
560 2148 610 2230 qui
625 2146 785 2230 spondeat,
800 2147 951 2225 eumdem,
962 2147 987 2208 s'i
1004 2146 1139 2209 differtur
1152 2148 1275 2225 bellum,
1289 2148 1426 2208 animum

385 2236 397 2270 ‘
410 2240 518 2317 postea
530 2234 615 2298 fore?
641 2254 744 2316 quum,
768 2232 794 2295 si
809 2233 1016 2295 laxamentum
1037 2233 1167 2312 dederis,
1180 2231 1277 2314 major
1288 2233 1429 2314 frequen-

385 2322 528 2405 ‘tiorque
554 2320 666 2403 legatio
695 2321 774 2383 iture
799 2320 858 2381 sit:
893 2339 986 2401 quum
1012 2318 1056 2396 id,
1082 2320 1163 2401 quod
1185 2336 1266 2382 nunc
1293 2319 1430 2397 obfendit

273 2454 277 2461 -
386 2407 397 2440 ‘
411 2405 634 2485 Etruscos„rex
648 2418 766 2469 creatus
780 2402 876 2483 Veiis,
891 2405 990 2487 spatio
1011 2406 1343 2488 interposito'mutaritn
1357 2426 1429 2488 pos-

386 2492 397 2525 ‘
412 2494 462 2569 sit,
479 2494 525 2555 vel
537 2512 684 2554 consensu
695 2492 837 2568 civitatis,
852 2502 887 2553 ut
897 2511 934 2552 eo
946 2491 1145 2556 reconcilient
1158 2491 1286 2555 Etruriae
1301 2491 1428 2572 animos,

386 2577 458 2639 ‘vel
479 2578 571 2659 ipsius
589 2579 744 2642 voluntate
765 2578 855 2660 regis,
873 2578 923 2659 qui
948 2578 1070 2640 obstare
1092 2598 1218 2660 regnum
1229 2597 1318 2640 ¹suum
1336 2579 1427 2640 saluti

386 2663 523 2724 ‘civium
538 2663 625 2726 nolit.
658 2661 779 2741 Videte,
803 2676 879 2745 quot
896 2686 955 2743 res,
977 2668 1099 2744 ¹³quam
1114 2665 1246 2743 inutiles,
1264 2677 1429 2746 sequantur

386 2750 397 2783 ‘
411 2749 494 2809 illam
513 2749 594 2810 viem
609 2749 746 2810 consilii:
766 2747 889 2829 jactura
902 2771 1030 2833 opemm
1042 2762 1128 2814 tanto
1142 2751 1243 2812 labore
1262 2751 1424 2827 factorum,

385 2835 541 2896 ‘vastatio
555 2834 705 2895 inminens
725 2834 832 2896 finium
856 2847 1039 2913 nostrorum,
1060 2835 1218 2898 Etruscum
1239 2836 1348 2897 bellum
1365 2857 1424 2917 pro

385 2921 395 2952 ‘
410 2916 538 2982 Veiente
547 2920 744 2981 concitatum.
771 2918 847 2982 Haee
859 2933 941 2999 suut,
956 2923 1079 2999 tribuni,
1093 2922 1219 2983 consilia
1231 2933 1340 2999 vestra,
1349 2943 1425 3000 non,

384 3007 396 3040 ‘
411 3006 542 3084 hercule,
557 3002 725 3082 dissimilia,
734 3023 770 3066 ac
780 3005 881 3086 siquis
896 3027 988 3088 aegro,
1004 3009 1066 3088 qui,
1077 3008 1173 3068 curari
1182 3029 1213 3069 se
1222 3008 1341 3070 fortiter
1353 3029 1427 3091 pas-

384 3092 396 3125 ‘
411 3113 470 3170 sus,
485 3091 639 3172 extemplo
653 3089 862 3152 convalescere
872 3093 981 3174 possit,
997 3093 1197 3174 ¹⁴cibigratia
1207 3095 1362 3176 presentis
1374 3105 1428 3155 aut

384 3177 395 3212 ‘
409 3179 543 3259 potionis
551 3177 749 3258 longinquum
759 3188 790 3238 et
802 3177 930 3260 forsitan
939 3179 1138 3241 insanabilem
1145 3181 1283 3241 morbum
1291 3178 1425 3241 efficiat?

426 3262 481 3326 v1.
504 3262 573 3343 ‘si,
599 3285 647 3326 me
661 3261 739 3326 Dius
753 3263 854 3342 fidius,
878 3263 916 3325 ad
940 3265 1001 3326 hoc
1023 3264 1135 3326 bellum
1154 3266 1230 3327 nihil
1249 3266 1426 3348 pertineret,

383 3350 448 3411 ‘ed
464 3350 654 3433 disciplinam
669 3361 752 3412 certe
767 3349 883 3412 militie
896 3350 1058 3432 plurimum
1078 3351 1232 3430 intererat,
1256 3352 1426 3414 insuescere

284 3482 285 3485 ,
383 3435 536 3496 ‘militem
556 3448 705 3512 nostrum,
727 3455 790 3497 non
814 3435 912 3497 solum
934 3439 1094 3517 ¹⁵parata¹²
1108 3437 1236 3500 victoria
1258 3437 1336 3513 fnri3
1359 3437 1425 3517 sed,

383 3519 394 3552 ‘
409 3519 496 3580 sires
512 3520 605 3581 etiam
625 3520 735 3582 lentior
750 3522 801 3600 sit,
826 3521 891 3604 pati
918 3522 1053 3599 tedium,
1075 3535 1108 3585 et
1123 3524 1258 3605 quamvis
1273 3545 1345 3585 sene
1359 3524 1424 3604 spei

383 3603 525 3666 ‘exitum
548 3615 742 3688 exspectare;
766 3618 808 3685 et,
831 3608 857 3669 si
883 3628 945 3670 non
976 3608 1017 3669 sit
1037 3619 1142 3672 estate
1166 3610 1330 3692 perlectum
1356 3608 1423 3669 bel·

382 3689 482 3767 ‘lum,
507 3691 627 3754 hiemen
642 3692 789 3774 operiri03
812 3713 880 3772 nec,
904 3694 984 3755 sicut
1008 3695 1126 3756 aestivas
1145 3717 1226 3775 aves,
1250 3697 1353 3758 statim
1367 3715 1425 3755 au-

382 3776 516 3841 ‘tumno
546 3788 629 3840 tecta
656 3798 692 3840 ac
722 3799 874 3841 recessum
901 3781 1143 3862 circumspicere.
1195 3782 1331 3844 Obsecro
1358 3801 1425 3857 vos,

381 3863 536 3931 ‘venandi
559 3864 692 3928 studium
714 3885 750 3928 ac
772 3866 912 3949 voluptas
938 3865 1078 3928 homines
1102 3888 1156 3949 per
1180 3868 1263 3930 nives
1283 3888 1321 3928 ac
1341 3867 1426 3950 pmi-

391 3971 395 3976 '
444 3963 926 4028 'mahomeribrtoporitoGronCren
1025 3972 1112 4029 'parto
1123 3966 1190 4016 aas.
1207 3964 1349 4017 navent.

759 4029 1038 4092 &pennensem

411 4109 432 4144 ¹¹
451 4111 537 4176 Vmor]
550 4109 604 4161 vid
613 4120 666 4187 ¹¹9¹:
671 4109 777 4187 stede
785 4109 823 4160 17.
831 4109 849 4159 1.
857 4123 885 4161 n.
916 4123 966 4162 rats
979 4114 1140 4179 impertienda.

393 4172 439 4249 .¹'.
452 4173 588 4240 nomm]
601 4173 886 4252 arcanumque»,
951 4178 973 4212 ¹³
995 4177 1011 4208 0
1031 4178 1114 4242 rma]
1140 4176 1217 4228 man
1233 4177 1297 4228 cru.
1315 4175 1426 4225 nrum

379 4239 885 4364 huntntntftthftffl*
915 4240 1354 4372 llllpffiffiffllffi
1368 4255 1427 4355 ’ἒξ

353 4351 358 4361 ’
397 4361 434 4440 ῤ’
453 4361 642 4446 Qun-sanus]
666 4365 744 4448 aare
763 4370 886 4422 umam.
915 4371 984 4451 aen
1017 4374 1109 4450 visque
1147 4383 1174 4420 ut
1198 4373 1273 4436 pona
1299 4371 1428 4451 sponte

379 4427 686 4562 ⁸¹ll‘ol'nffi'f'clif‘
698 4433 788 4517 cicero:
916 4453 941 4486 ra
956 4452 1033 4516 rmum
1048 4438 1150 4518 nerone
1167 4453 1260 4502 compos
1279 4437 1339 4501 lien,
1355 4452 1429 4502 quun

385 4569 390 4580 ὗ
456 4557 458 4562 ,
582 4585 588 4600 .
677 4502 886 4571 mensum·
917 4501 1369 4572 munemunromsm.

334 450 336 455 Ι
380 367 439 427 ass
782 355 986 419 umnrvu
1578 383 1584 782 p
